2402 4036
357 217 486 281 ACTUS
516 219 558 279 11.
601 215 732 280 813an
758 219 812 280 lll.
1026 222 1085 280 207

78 371 168 436 Hane
182 375 328 454 Demipho
342 387 427 454 negat
441 397 504 435 esse
519 373 699 454 cognatam?
725 373 778 434 Ge.
795 373 906 450 Neget.

80 457 180 516 Pleer.
196 457 299 536 Neque
312 456 377 533 ejus
390 468 503 535 patrem
518 477 549 515 se
559 456 644 528 scire,
658 455 708 531 qui
723 451 832 512 luerit?
856 453 908 512 Ge.
925 451 1032 530 Negat.

80 537 140 597 De.
153 539 252 615 lpsum
266 557 330 596 esse
340 537 454 614 opinor,
469 537 505 596 de
520 557 580 616 quo
594 537 734 612 agebam:
759 533 926 610 sequimini.

81 617 182 677 Phor.
197 618 262 676 Nee
277 618 462 696 Stilphonem
475 617 572 694 ipsum
587 615 673 688 seire,
688 613 739 693 qui
755 613 863 672 suerii?
888 614 942 673 Ge.
957 618 1065 697 Neget.

82 697 182 758 Phor.
199 697 279 766 Quia
292 717 382 774 egens
396 696 498 756 relicta
513 708 556 755 est
573 697 689 767 misera,
705 695 855 771 ignoratur
869 714 998 772 parens:
1050 711 1086 760 10

82 777 253 856 Negligitur
266 777 350 856 ipse:
372 777 583 846 viduarentur
598 776 669 853 quid
685 775 772 833 facit!

83 857 139 918 Ge.
162 858 194 916 Si
209 857 311 916 herum
324 856 506 916 insimulabis
520 856 661 927 avaritie,
676 855 752 914 mele
769 853 882 913 audies.

81 939 142 998 De.
164 937 192 996 Ο
208 937 380 998 audaciam!
402 936 491 996 eliam
505 957 552 997 me
566 937 644 996 ultro
659 943 829 1014 accusatum
846 934 985 994 advenitl

82 1017 181 1080 Pbor.
203 1015 358 1092 Nem'jam
368 1017 550 1078 adolescenti
564 1015 634 1075 nibil
649 1014 789 1093 estquod
805 1033 1005 1088 succenseam,

81 1099 114 1156 Si
124 1098 207 1156 illum
221 1098 319 1156 minus
334 1099 438 1157 nbrst:
460 1099 571 1174 quippe
582 1097 670 1154 bomo
680 1094 747 1170 jem
760 1095 909 1172 grandior,

83 1179 208 1256 Pauper,
223 1176 272 1234 oui
282 1195 375 1254 opere
386 1176 524 1249 ritaeret,
541 1176 600 1235 ruri
610 1175 669 1233 sere
788 1187 794 1192 ’

83 1259 121 1316 Se
135 1257 325 1316 continebat:
347 1257 390 1316 ibi
404 1275 505 1335 agrum
519 1257 557 1316 de
571 1263 673 1313 nostro
682 1262 765 1332 patre

84 1336 247 1397 Colendum
262 1337 404 1400 habebnt.
424 1385 428 1394 .
447 1341 533 1416 Saepe
546 1336 659 1394 interea
671 1333 744 1393 milri
754 1352 844 1393 senex

82 1417 240 1487 Narrabat,
257 1437 288 1475 se
303 1419 379 1476 huno
393 1419 538 1496 negligere
552 1423 710 1491 cognatum
724 1433 828 1472 suurn:
892 1463 895 1470 ,

83 1501 123 1556 At
138 1517 225 1576 quem
238 1496 350 1558 virum!
370 1518 458 1575 quem
472 1517 527 1574 ego
542 1495 661 1555 viderim
675 1495 706 1552 in
720 1492 781 1552 vita
795 1492 956 1572 optimum.
1003 1543 1007 1550 .
1041 1501 1091 1559 20“

85 1577 138 1636 Ge.
162 1577 270 1637 Videas
292 1588 332 1649 ie,
361 1587 451 1658 otque
473 1577 565 1649 illurn,
591 1585 625 1634 ut
646 1593 756 1636 narres.
800 1574 897 1634 Plror.
920 1577 954 1633 lo
978 1577 1082 1639 malam

202 1658 339 1718 enicem!

83 1736 162 1795 Nem
176 1737 206 1796 ni
219 1737 338 1796 itanum
350 1736 583 1808 existumdssem,
597 1755 756 1816 numquam
770 1744 832 1796 lam
846 1755 951 1814 graves
996 1745 1000 1752 ’

81 1816 134 1874 Ob
153 1817 231 1877 hanc
242 1817 410 1878 inimicitias
423 1833 560 1895 caperem
573 1817 602 1876 in
619 1830 754 1876 nostram·
762 1816 911 1890 familiam,
1001 1863 1006 1872 .

82 1897 215 1965 Quamis
228 1906 400 1976 aspernatur
412 1917 493 1957 ,nune
508 1909 569 1957 tam
581 1897 772 1956 illiberaliter.

81 1975 135 2036 Ge.
150 1977 264 2054 Pergin'
279 1978 348 2036 hero
362 1978 478 2037 absenti
491 1978 568 2038 mele
582 1977 673 2054 loqui,
688 1974 905 2054 impurissime?

82 2055 180 2116 Pbor.
194 2057 324 2133 Dignum
337 2068 435 2119 sutem
447 2059 504 2118 boo
513 2057 564 2116 illo
573 2066 628 2116 est.
644 2057 698 2117 Ge.
711 2056 777 2117 Ain'
785 2055 930 2116 tandem?
955 2060 1082 2119 career!

204 2137 263 2196 De.
280 2139 369 2198 Geta.

82 2214 135 2274 Ge.
150 2215 298 2276 Bonorum
312 2227 454 2292 extortor,
470 2219 567 2296 legum
581 2225 742 2276 contortor.
787 2216 845 2276 De.
861 2218 949 2276 Gela.

82 2294 178 2356 Phor.
203 2296 372 2374 Responde.
416 2299 468 2358 Ge.
488 2297 562 2366 Quis
578 2299 665 2358 bomo
679 2296 746 2356 esti
767 2297 874 2356 ehem!
913 2299 972 2358 De.
987 2298 1083 2360 Tace.

206 2375 258 2434 Ge.
275 2379 398 2437 Absenti
413 2379 468 2437 libi

82 2454 127 2511 Te
138 2452 283 2533 indignas,
298 2477 389 2535 seque
403 2459 519 2533 dignae,
535 2457 730 2517 contumelias

80 2531 250 2612 Numquam
264 2538 390 2596 cessavit
404 2539 501 2596 dicere
522 2536 621 2598 bodie.
664 2538 725 2597 De.
744 2535 824 2594 one!
846 2536 957 2598 desine.
1042 2549 1082 2600 30

82 2613 273 2688 Adolescens,
287 2617 413 2696 primum
427 2617 526 2678 abste
543 2617 598 2678 hoo
616 2616 694 2676 bonit
709 2614 793 2676 venii
807 2626 888 2695 peto,

84 2693 115 2750 Si
130 2693 185 2752 libi
199 2696 317 2773 placere
332 2699 411 2774 polis
425 2707 481 2768 est,
496 2697 567 2757 mibi
581 2707 615 2758 ut
628 2697 829 2776 respondeas:

81 2773 178 2841 Quem
193 2775 319 2835 amicum
333 2785 416 2837 tuum
426 2779 470 2837 nis
484 2777 573 2836 luisse
587 2777 697 2838 istuml
710 2778 837 2855 explana
851 2777 942 2836 mibi:

82 2853 121 2912 Et
135 2853 188 2931 qui
201 2868 360 2933 cognatum
374 2878 420 2916 me
431 2857 490 2916 sibi
503 2876 567 2915 esse
582 2857 703 2916 diceret.
887 2861 890 2872 ¹

82 2932 182 2996 Pllor.
203 2935 335 3074 {poinde
356 2938 520 3017 enpiseere,
536 2936 620 3013 qnasi
635 2955 692 2996 non
707 2937 818 2996 obsses.
862 2937 922 2997 De.
938 2938 1085 3000 Nossemi

236 3016 303 3078 Iuor.
326 3017 379 3076 lla.
538 3065 541 3072 .

81 3093 143 3153 De.
158 3089 222 3171 Ego
236 3117 283 3155 me
297 3093 390 3175 nego:
413 3106 455 3169 lu,
469 3097 521 3174 qui
535 3095 588 3167 ais,
603 3096 703 3174 redige
718 3096 748 3153 in
761 3096 940 3156 memoriam.

79 3171 181 3235 Phor.
201 3175 284 3238 Elrol
306 3186 339 3236 tu
352 3177 505 3236 sobrinum
518 3185 601 3236 tuum
615 3195 672 3236 non
688 3175 797 3236 nbrasi
838 3178 897 3238 De.
915 3179 1040 3240 Enicas:

79 3253 140 3314 Die
162 3273 305 3395 nomen]
322 3258 420 3317 Plior.
447 3256 583 3316 Nomeni
612 3257 759 3318 maxume.
794 3257 866 3317 'De
894 3259 974 3326 Quid
1005 3279 1083 3320 nuno

204 3345 294 3396 laces
436 3357 438 3362 ·
890 3347 892 3352 '
941 3338 944 3352 '

80 3413 184 3475 Phor.
204 3417 281 3556 11)ξὶἰί
295 3416 411 3476 hercle!
433 3435 539 3476 nomen
553 3415 681 3496 perdidi.
725 3417 784 3477 De.
801 3418 897 3478 Hem!
919 3417 989 3497 quid
1017 3420 1084 3478 eisl

259 3516 304 3558 or.
320 3498 435 3557 θεῖα.)
1082 3552 1086 3560 ,

80 3573 115 3634 Si
131 3576 288 3637 meministi
302 3576 333 3638 id
348 3576 428 3655 quod
440 3577 509 3636 olim
523 3576 636 3638 dierum
649 3584 704 3648 esi,
720 3575 853 3654 subjice:
875 3578 960 3638 hem!
1015 3634 1017 3642 ,
1043 3588 1087 3644 eq
