2402 4036
1179 59 1182 116 l

109 223 166 288 ros
519 220 697 284 uacuas.
1178 169 1183 354 l

106 379 145 438 Et
156 377 185 438 in
200 375 373 437 deterrendo
388 375 544 436 voluissem
559 396 679 456 operam
693 396 819 449 sumere,

110 459 154 518 Ut
167 458 198 518 in
211 458 272 518 otio
285 470 365 518 esset
379 455 486 534 potius,
502 455 589 533 quarn
604 458 633 516 in
649 458 785 535 negoti03

109 539 322 598 Deterruissem
337 536 434 608 facile,
448 555 485 595 ne
499 536 571 596 alias
587 537 741 597 scriberet.

109 619 199 678 Nunc
214 617 284 697 quid
299 625 410 695 petam,
427 615 490 676 med
505 615 604 688 causd,
617 637 705 696 aequo
718 617 816 678 animo
830 617 981 680 attendite.
1070 627 1103 680 20
1183 679 1184 712 ,

110 695 296 758 Illuciam
312 696 350 756 ad
364 717 415 756 vos
430 695 535 768 resero,
554 717 640 776 quam
656 697 727 757 mihi
739 715 792 776 por
805 697 950 758 silentium

110 779 280 856 Numquam
294 797 380 854 agere
393 776 506 836 licitum
521 786 583 846 est;
606 779 646 836 ita
659 797 722 837 eam
738 778 886 858 oppressit
898 779 1068 840 calamitas:

110 859 184 918 Eam
198 857 396 918 calamitatem
411 865 507 918 vostra
522 857 711 936 intelligentia

110 938 245 1009 Sedebit,
260 938 285 996 si
298 937 353 996 erit
364 935 493 1012 adjutrix
507 946 615 996 nostrae
629 935 789 998 industriae.
874 974 880 986 ·

111 1019 210 1086 Quum
225 1017 352 1096 primum
365 1036 430 1076 eam
443 1034 530 1094 agere
544 1016 635 1094 coepi,
647 1017 779 1095 pugilum
793 1018 893 1097 gloria,
995 1059 998 1066 -

112 1096 289 1157 Funambuli
302 1095 406 1156 eodem
420 1095 544 1156 accessit
556 1098 750 1175 exspectatio,

111 1177 262 1250 Comitum
277 1186 450 1248 conventus,
465 1176 613 1255 strepitus,
629 1177 739 1238 clamor
751 1178 913 1251 mulierum,

111 1257 229 1327 Fecere,
246 1266 358 1318 utente
372 1265 489 1334 tempus
503 1257 610 1316 exirem
626 1257 716 1318 foras.

109 1337 217 1398 Vetere
231 1338 260 1396 in
275 1337 350 1397 nord
365 1337 442 1416 coepi
455 1338 496 1396 uti
510 1338 734 1418 consuetudine,

110 1419 146 1476 ln
157 1417 337 1497 experiundo
353 1433 384 1477 ut
398 1436 511 1477 essem:
532 1418 627 1480 refero
640 1417 747 1478 denuo.

109 1497 209 1558 Primo
219 1508 288 1558 actu
303 1500 426 1578 placeo:
448 1517 538 1576 quum
553 1498 662 1558 interea
676 1516 776 1558 rumor
790 1500 880 1573 venit,

113 1577 221 1638 Datum
237 1579 271 1637 iri
285 1578 476 1656 gladiatorem
498 1579 628 1655 populus
642 1577 799 1640 convolat:

111 1658 351 1728 Tumultuautur,
366 1657 503 1729 clamant,
519 1665 653 1733 pugnant
666 1657 703 1715 de
718 1657 805 1716 loco:

111 1738 175 1813 Ego
190 1739 299 1798 interea
313 1755 409 1795 nreurn
423 1755 481 1794 non
495 1736 581 1814 potui
596 1736 686 1795 tutari
699 1736 807 1795 locum.

111 1817 201 1876 Nunc
215 1817 300 1876 turba
315 1815 392 1874 nulla
405 1821 470 1874 est:
492 1815 595 1888 otium,
609 1825 638 1874 et
652 1815 796 1876 silentium
811 1826 874 1878 est:

112 1897 225 1974 Agendi
239 1906 357 1972 tempus
371 1895 441 1955 mihi
455 1895 556 1955 datum
570 1906 632 1955 est:
654 1897 739 1957 vobis
752 1897 837 1956 datur
912 1890 918 1902 ⁸

111 1977 249 2036 Potestas
264 1975 480 2037 condecorandi
492 1975 579 2035 ludos
592 1975 734 2038 scenicos.

111 2057 213 2116 Nolite
226 2058 318 2116 sinere
332 2077 385 2136 per
400 2076 452 2115 ros
467 2064 558 2116 artem
572 2057 713 2117 musicam

111 2137 254 2198 ch'dere
268 2137 304 2196 ad
321 2155 451 2214 paucos:
472 2138 570 2208 tacite,
584 2146 616 2195 ut
627 2146 723 2196 vostra
738 2137 899 2198 auctoritas

110 2215 189 2278 Meae
203 2217 372 2278 auctoritati
385 2217 492 2276 fautrix
505 2214 695 2294 adjutrisque
708 2218 757 2278 sit.

112 2297 144 2356 Si
156 2319 317 2376 numquam
330 2298 416 2357 avare
430 2297 552 2374 pretium
569 2299 658 2356 statui
670 2298 725 2356 arti
737 2317 818 2368 mese,

110 2377 228 2438 Etcum
244 2398 304 2438 esse
319 2387 474 2455 quaestum,
489 2379 518 2436 in
532 2377 661 2437 animum
674 2377 786 2448 induri,
801 2395 979 2452 maxumum,

113 2456 210 2526 Quam
226 2459 360 2518 maxume
375 2457 599 2517 serviresosnis
613 2457 794 2524 commodis:

111 2537 202 2596 Sinite
215 2539 370 2616 impetrare
384 2558 441 2607 me,
457 2537 509 2614 qui
524 2538 551 2594 in
566 2538 687 2595 tutelam
701 2556 795 2596 meam
888 2557 891 2564 ’

111 2615 247 2675 Studium
262 2637 358 2686 suum,
374 2627 445 2675 etse
459 2617 488 2673 in
500 2624 626 2674 vostram
639 2617 785 2674 commisit
797 2616 899 2691 fidem,
960 2642 962 2646 ·

111 2696 160 2756 Ne
174 2716 241 2757 eum
256 2698 487 2756 circumventum
500 2694 598 2771 inique
613 2695 705 2773 iniqui
719 2695 867 2758 irrideant.

25 2846 30 2856 Ι
112 2776 297 2851 Melscausll,
312 2794 428 2836 causans
445 2776 521 2834 hanc
536 2775 673 2852 accipite,
689 2785 718 2834 et
731 2774 800 2836 date
814 2777 969 2851 silentium,

113 2858 153 2916 Ut
167 2857 259 2918 libeat
272 2856 399 2918 scribere
412 2857 484 2925 aliis,
500 2853 629 2932 mihique
645 2864 681 2915 ut
690 2855 805 2916 discere

113 2938 214 3000 Novas
226 2939 375 3020 expediat,
388 2938 514 3015 posthac
528 2936 624 3014 pretio
637 2945 729 2998 emtas
743 2947 817 2998 meo.
927 2997 932 3007 ,

414 3172 544 3233 sorus
566 3135 591 3232 r.
631 3119 762 3234 senna
783 3125 807 3233 r.

442 3287 627 3389 Puraorrs.
667 3331 775 3392 sans.

114 3486 202 3549 Plril.
223 3487 296 3545 PER
311 3485 361 3562 pol
375 3483 462 3562 quam
476 3446 593 3562 paucos
608 3485 734 3566 reperias
750 3437 951 3548 meretricibus¹

113 3567 226 3628 Fideles
240 3567 355 3627 evenire
369 3574 525 3637 amatores,
542 3567 628 3644 Syra.
