2402 4036
111 261 170 327 rtt
364 329 368 344 ,
518 252 694 326 nacnun.
759 315 760 320 ,
818 311 819 316 ,

109 409 197 472 Nunc
213 405 272 473 buc
285 410 430 490 confugit,
443 419 474 472 te
487 420 578 491 atque
591 413 664 473 aiios
677 419 795 491 partum
809 418 842 472 ut
855 387 965 473 celaret
978 429 1077 478 snum.

68 552 85 565 ,
111 490 171 552 Sed
186 491 256 552 cum
266 501 348 551 orata
360 491 424 567 ejna
436 493 614 564 reminiscor,
624 511 739 571 nequeo
750 491 819 570 quin
834 491 992 556 lacrumeru
1008 493 1109 552 miser.

19 625 21 629 .
112 569 258 650 Quaequae
270 571 331 632 fors
345 571 463 632 fortuna
474 582 530 644 est,
539 573 647 650 inquit,
658 572 743 632 nobis
758 589 825 650 quae
838 581 868 630 te
884 571 974 632 hodie
988 571 1112 642 obtulit,

109 649 168 712 Per
180 671 244 710 eam
259 661 289 712 te
302 651 492 713 obsecramus
505 653 611 724 ambae,
626 653 649 712 si
659 653 723 728 jus,
737 653 761 712 si
775 653 818 712 fas
831 661 886 722 est,
900 650 944 710 nti

111 731 247 790 Advorsa
260 731 325 808 ejus
339 752 393 810 per
406 743 435 792 te
449 741 528 793 tecta
542 734 689 811 tacitaque
702 731 783 811 apud
798 750 899 790 omues
912 731 995 791 sient.

7 869 11 879 ,,
111 810 142 872 Si
155 829 296 890 nmquam
309 822 419 890 ergata
432 813 530 872 auimo
543 829 608 884 esse
622 813 718 876 amico
732 811 847 872 sensisti
865 829 942 882 eauu,
962 810 1003 870 mi
1021 809 1112 870 Pam·
1188 890 1192 899 y

113 969 183 1030 Sine
209 891 323 1029 abdil?
339 971 415 1031 banc
436 969 572 1050 gretiam,
591 979 632 1060 te,
655 979 688 1030 ut
710 969 768 1030 sibi
791 969 845 1031 des
868 969 1005 1049 prodii,
1030 988 1109 1030 nunc

114 1057 317 1189 Caeterrddgdd
326 1094 495 1189 ieduceudd
508 1127 539 1190 id
553 1127 657 1202 facias,
672 1129 750 1208 quod
766 1128 795 1188 in
809 1148 869 1189 rem
886 1129 923 1189 sit
935 1082 1025 1188 fuam·
1069 1056 1110 1109 30

114 1208 261 1268 Parturire
276 1228 459 1286 eamusque
473 1208 625 1288 gravidam
639 1229 705 1270 esse
718 1229 753 1268 ex
769 1219 809 1280 te,
825 1209 903 1268 solus
918 1207 1075 1268 conscius:

114 1286 193 1346 Nam
206 1287 287 1348 aiunt
301 1298 398 1348 tecum
414 1299 483 1366 post
497 1289 614 1350 duobus
630 1289 827 1350 concubuisse
840 1297 901 1347 eam
917 1287 1076 1348 mensibus.

113 1363 204 1438 Tum,
218 1377 374 1448 postquam
389 1369 426 1427 ud
442 1379 470 1428 te
482 1370 570 1443 venit,
586 1370 692 1429 mensis
703 1369 797 1446 agitur
812 1369 860 1427 hic
868 1367 932 1444 janu
948 1368 1110 1445 septimun

116 1446 205 1517 Quod
223 1449 364 1588 tehsleire.
385 1448 448 1528 ipsa
467 1450 577 1510 iudicat
599 1469 657 1510 res.
698 1450 798 1529 Nunc,
818 1447 842 1507 si
861 1448 940 1525 potia
952 1458 1007 1518 est,
1020 1446 1109 1506 Pam·

235 1546 255 1605 p
278 1547 325 1599 re,

25 1615 27 1636 ³
116 1605 256 1677 Maxume
275 1608 362 1678 solo,
397 1609 496 1686 doque
530 1626 659 1685 operam,
695 1617 728 1666 ut
763 1607 836 1667 clam
872 1607 984 1666 eveniat
1012 1603 1113 1684 partus

185 1745 188 1750 .
257 1697 357 1757 atram,

42 1760 62 1784 ‘
115 1767 215 1844 Atque
227 1705 303 1824 ddsb
317 1785 417 1825 omues
427 1784 437 1824 e
459 1765 522 1835 sad,
540 1765 565 1823 si
580 1763 643 1824 ficri
657 1764 688 1824 id
704 1783 762 1842 qun
777 1775 875 1844 potest
889 1767 959 1845 quin
974 1767 1112 1836 sentiant,

115 1841 224 1904 Dicam
237 1844 373 1904 abortum
388 1865 469 1906 esse:
494 1843 568 1915 scio,
582 1845 689 1904 nemini
703 1845 787 1906 aliter
799 1860 970 1924 suspectum
986 1847 1059 1917 sore,

115 1923 207 1992 Quin,
223 1923 304 2000 quod
320 1925 474 1984 uerisimile
488 1934 543 1996 est,
557 1945 592 1990 ex
604 1929 634 1984 te
648 1925 724 1984 recte
738 1946 804 1984 eum
819 1936 919 1986 natum
935 1937 1048 2004 putent.

115 2001 265 2064 Continuo
287 2017 472 2144 gxponerur:
495 2005 542 2064 hic
567 2005 622 2064 tibi
650 2005 722 2064 nibil
742 2016 788 2064 est
814 2007 974 2086 quidquam
997 2007 1113 2066 incom-

159 2127 165 2144 .
238 2103 286 2143 mo
310 2087 336 2154 ir
1023 2090 1025 2096 '
1074 2095 1117 2147 40

14 2187 15 2190 ’
116 2163 209 2226 Erilli
224 2166 338 2224 miserae
352 2163 471 2242 indigne
486 2165 592 2222 iactam
609 2163 742 2241 injuriam
757 2165 928 2224 contereris.

112 2241 270 2382 menas
291 2241 376 2315 'snmg
408 2255 438 2304 et
462 2263 577 2303 servare
602 2244 630 2302 ia
658 2264 693 2302 eo
721 2256 831 2304 certum
859 2249 904 2316 'st‚
931 2245 1011 2324 quod
1040 2245 1115 2317 dixi,
1155 2223 1159 2226 “

117 2403 195 2462 Nam
215 2325 458 2499 dedddddceudi,
479 2405 509 2465 id
532 2403 601 2464 verb
621 2403 790 2483 neutiquam
811 2405 960 2464 honestum
981 2423 1045 2462 esse
1066 2423 1114 2462 ar-

117 2563 184 2622 Nec
211 2486 352 2632 faldididdrd
367 2563 421 2622 etsi
449 2583 530 2622 amor
555 2583 599 2622 me
627 2565 763 2642 graviter,
785 2563 1026 2641 consuetudoque
1047 2563 1115 2638 ejus

117 2654 354 2802 Lacrnrddflqtdae
372 2721 495 2798 posthac
512 2721 607 2779 futura
617 2725 651 2780 ’st
665 2723 733 2792 vita,
743 2743 833 2802 quum
846 2725 874 2782 in
889 2731 1013 2788 mentem
1027 2723 1116 2794 veuit,

117 2802 321 2882 Solitudoque.
362 2801 395 2865 Ο
409 2800 537 2871 fortuna,
552 2812 584 2860 ut
599 2821 757 2880 numquam
773 2803 916 2881 perpetub
930 2821 961 2860 es
974 2803 1074 2860 bona!

118 2881 175 2940 Sed
187 2883 251 2960 jam
266 2885 345 2963 prior
358 2879 446 2946 amor
460 2901 505 2940 me
518 2881 555 2940 ad
572 2883 649 2942 hanc
661 2903 721 2941 rem
740 2885 931 2950 exercitatum
946 2881 1074 2940 reddidit
1088 2904 1096 2949 ;

118 2962 215 3030 Quem
234 2986 290 3043 ego
304 2977 365 3026 tum
381 2961 507 3026 cornilio
520 2963 639 3022 missuro
655 2961 728 3022 fecit
749 2965 828 3023 idem
853 2983 932 3022 nnnc
949 2961 1020 3021 hnic
1044 2981 1118 3039 ope·

103 3107 211 3186 ,Adest
223 3048 446 3188 ldfflnddd'tum
463 3122 586 3206 pueris:
610 3123 686 3181 huuc
700 3121 818 3182 minime
834 3123 870 3182 'st
884 3141 961 3201 opus

116 3200 152 3257 ln
167 3201 266 3266 haere
280 3207 399 3276 adesset
419 3227 487 3268 uam
503 3201 577 3265 salim
592 3203 646 3260 soli
658 3201 782 3273 credidi,
1081 3207 1122 3260 50

118 3278 162 3338 Et
177 3302 221 3343 me
234 3287 407 3346 abstinuisse
421 3287 450 3345 iu
464 3289 527 3366 prin
537 3281 626 3358 cipio,
641 3301 708 3340 cum
722 3281 791 3340 data
807 3297 862 3342 est.

115 3361 235 3434 Vereor,
251 3366 275 3425 ai
284 3367 444 3442 clamorem
459 3369 523 3445 ejus
536 3362 590 3427 iric
604 3361 710 3420 orebrb
724 3362 833 3434 audiat,

115 3440 165 3499 Ne
178 3445 321 3519 parturire
334 3447 492 3524 intelligat:
513 3441 622 3528 aliqud
636 3440 705 3498 mihi
719 3451 764 3501 est

117 3521 196 3581 Hinc
211 3525 403 3602 ablegandus,
417 3527 488 3586 dum
505 3531 580 3605 parit
593 3520 782 3590 ‚Philumem-
