2404 4038
367 281 496 344 ucTus
516 279 542 342 l.
583 283 717 346 SCENA
737 284 774 343 V.
1047 291 1068 356 9

68 435 191 514 Aliquid
206 435 327 496 monstri
341 436 436 498 alunt:
457 456 492 498 ea
506 436 644 516 quoniam
661 435 770 496 nemini
785 434 906 498 obtrudi
919 443 1027 514 potest,

67 520 132 578 Itur
145 517 184 576 ad
199 535 257 578 me.
298 517 370 596 My.
385 517 489 578 Oratio
504 517 571 578 haec
585 537 631 578 me
645 515 777 578 miseram
791 515 967 578 exanimavit
980 525 1071 578 metu.

66 599 128 656 Po.
149 596 229 657 Nam
245 595 317 674 quid
330 617 386 676 ego
400 617 478 658 nuuc
492 595 589 658 dicam
605 596 643 657 de
657 597 762 675 patret
783 595 837 658 abl

67 679 231 737 Tantamne
244 695 304 736 rem
319 685 379 738 tum
394 678 575 758 negligenter
588 677 699 756 egeret
719 675 888 756 preteriens
901 675 990 736 modd

68 757 144 816 Mihi
169 756 250 850 apud
265 755 378 850 lorum,
400 777 473 818 uxor
493 757 549 820 tibi
571 755 707 818 ducenda
720 759 767 830 ht,
788 755 952 836 Pamphile,
973 753 1071 828 bodie,

68 915 129 976 Abi
143 845 286 975 dome
296 881 306 909 ⁹
318 855 438 978 mhi
453 909 531 978 visus
542 925 587 978 est
600 913 709 988 dicere,
725 915 784 976 Abi
795 911 867 986 cito,
881 922 911 976 et
924 913 1072 994 stupende

191 1005 233 1054 te.
1034 1003 1073 1056 20

72 1074 233 1152 Obstupui.
275 1075 399 1136 Ceoseu’
414 1075 505 1136 ullum
520 1095 566 1138 me
579 1075 699 1136 verbum
711 1074 843 1154 potuisse
856 1073 1005 1154 proloqui,

71 1157 133 1214 Aut
146 1155 233 1214 ullam
247 1173 378 1229 causam,
392 1155 522 1236 ineptam
537 1153 779 1230 solumsolurn,
794 1155 946 1234 iniqueml
967 1155 1074 1214 obmu-

192 1234 247 1294 tui.

73 1312 202 1383 Quodsi
216 1333 271 1392 ego
285 1313 437 1452 rescl'ssem
452 1315 483 1376 id
497 1315 591 1394 prius,
614 1313 685 1394 quid
710 1293 851 1386 lacerem,
875 1311 901 1374 si
916 1313 984 1393 quie
997 1333 1074 1376 nuuc

195 1413 289 1453 mero
310 1401 341 1454 et

73 1472 194 1550 Aliquid
207 1415 345 1612 recusem}
354 1480 389 1534 ut
401 1471 459 1533 boc
474 1491 511 1532 ue
524 1471 664 1534 lacerem.
699 1471 758 1532 Sed
772 1490 851 1532 nunc
863 1471 933 1552 quid
948 1473 1076 1553 primum

194 1573 248 1614 exe
272 1573 325 1614 uer
453 1611 457 1623 ,

73 1633 136 1692 Tot
150 1651 196 1692 me
210 1573 376 1711 imgediuat
385 1650 474 1706 curae,
486 1651 554 1712 qum
569 1650 665 1692 meum
675 1631 803 1692 animum
814 1630 931 1696 divorse
941 1633 1078 1705 tmhuutz

74 1715 176 1783 Amor,
192 1712 387 1774 misericordia
401 1711 500 1790 hujus,
514 1712 683 1792 nuptiarum
697 1711 884 1784 sollicitudo;
1085 1763 1088 1770 .

73 1793 150 1851 Tum
165 1793 256 1932 pagins
270 1793 378 1872 pudor,
401 1793 453 1872 qui
473 1811 521 1854 me
535 1802 595 1854 tam
610 1791 669 1854 leni
682 1811 786 1873 passus
806 1801 851 1854 eat
872 1793 969 1856 auimo
984 1815 1077 1876 usque

195 1891 212 1930 a
255 1893 304 1946 uc,

75 1954 151 2029 Quae
164 1965 232 2016 meo
247 1973 363 2040 cunque
377 1953 477 2019 animo
496 1953 625 2018 lubitum
639 1957 687 2029 bt,
700 1953 816 2018 taceret
837 1955 893 2020 elu’
905 1971 961 2038 ego
977 1963 1011 2020 ut
1024 1956 1078 2020 ad·

196 2043 319 2104 vorserl
338 2043 386 2110 hei
398 2041 490 2102 mihil
876 2093 881 2107 .
1008 2093 1015 2106 .

74 2121 224 2182 Incertum
240 2124 278 2183 'st
290 2121 360 2201 quid
381 2141 476 2200 agam.
518 2117 591 2198 My.
614 2117 723 2179 Misera
736 2117 837 2192 timeo,
862 2118 1007 2182 incertum
1021 2121 1078 2181 hoc

198 2222 336 2281 quorsum
350 2203 479 2264 accidet.

76 2281 136 2342 Sed
152 2301 229 2342 nune
240 2301 368 2361 peropus
382 2292 437 2356 est,
449 2288 501 2342 aut
514 2282 594 2340 hunc
609 2299 677 2340 cum
691 2277 769 2359 ipat,
782 2287 835 2342 aut
849 2299 895 2342 me
915 2279 1028 2359 aliquid
1041 2280 1079 2342 de

198 2362 247 2423 illd
260 2364 414 2422 advorsum
430 2363 508 2422 huuc
523 2359 616 2437 loqui.
1037 2369 1080 2422 so

77 2444 159 2501 Dum
175 2442 204 2500 in
219 2443 310 2503 dubio
322 2451 367 2502 est
380 2443 507 2513 animus,
530 2439 620 2516 paulo
634 2446 783 2497 momento
797 2439 854 2498 huo
869 2438 938 2500 illuc
952 2439 1080 2518 impelli·

200 2530 256 2584 tur.

78 2603 139 2660 Pa.
162 2603 235 2670 Quis
248 2602 297 2662 hic
311 2599 467 2678 loquiturl
497 2597 607 2678 Mysia,
620 2597 709 2658 salve.
752 2598 823 2677 My.
846 2599 874 2659 0
889 2599 979 2671 salse,
993 2600 1080 2660 Pam-

198 2682 289 2759 phile.
330 2682 390 2742 Pa.
412 2679 491 2750 Quid
505 2678 588 2756 agit'l
628 2677 841 2756 My.=llogasl

76 2761 207 2821 Laborat
219 2781 236 2820 e
251 2762 365 2833 dolore,
378 2769 467 2839 atque
480 2781 516 2820 ex
529 2759 587 2818 hoc
601 2757 706 2818 misera
721 2757 845 2819 sollicita
858 2758 896 2818 'st
908 2756 968 2830 die,

77 2842 158 2910 Quia
172 2842 241 2902 olim
256 2841 285 2900 in
300 2843 379 2902 huuc
393 2849 461 2902 sunt
480 2839 651 2900 coustitutae
675 2837 810 2918 nuptiae:
831 2845 1005 2899 tutantem
1021 2837 1078 2898 hoc

199 2921 292 2993 timet,

77 3000 125 3058 Ne
136 2999 252 3060 deseras
266 3023 308 3064 re.
349 2999 407 3062 Po.
429 3001 515 3070 Hem,
529 3017 621 3077 egone
634 2999 710 3058 istuc
725 2995 826 3057 conari
841 2995 969 3075 queaml

76 3081 143 3156 Ego
158 3090 278 3158 propter
290 3102 336 3141 me
347 3081 425 3140 illam
440 3079 536 3155 decipi
550 3079 683 3138 miseram
698 3077 815 3139 einsml

78 3160 156 3226 Qum
170 3162 239 3220 mihi
254 3181 338 3222 suum
353 3163 494 3230 acimum,
508 3166 597 3236 atque
610 3177 726 3218 omnem
741 3159 828 3218 vitam
843 3154 985 3226 credidit;

80 3239 181 3305 Quam
194 3261 250 3320 ego
263 3243 361 3302 auimo
373 3241 487 3322 egregie
501 3257 596 3298 caram
615 3257 669 3316 pro
684 3257 773 3298 uxore
788 3235 938 3298 habuerim
951 3257 961 3306 ς

80 3319 162 3378 Bene
175 3331 205 3381 et
219 3322 330 3400 pudich
343 3321 409 3399 ejus
422 3321 544 3380 doctu·
558 3325 649 3396 atque
663 3317 804 3391 eductum
819 3317 923 3389 cluam,

79 3399 225 3460 Coactum
238 3411 379 3480 egestate,
395 3399 542 3476 ingenium
556 3397 761 3458 immutarierl
914 3433 919 3442 ·
1043 3403 1084 3456 40

80 3479 152 3540 Νοιι
164 3479 284 3542 faciam.
326 3483 397 3560 My.
411 3480 499 3540 Haud
514 3497 627 3550 vereor,
641 3478 665 3537 si
680 3478 709 3537 in
723 3485 754 3537 te
768 3477 831 3537 solo
844 3476 881 3536 ait
895 3475 1003 3543 siccus

83 3558 144 3619 Sed
158 3559 216 3619 vim
231 3570 266 3621 ut
279 3581 368 3638 queas
383 3561 467 3620 ferre.
509 3561 569 3619 Po.
591 3555 706 3618 Adeon'
721 3576 768 3616 me
786 3557 921 3635 ignavum
935 3553 1044 3634 putasl

83 3638 198 3700 Adeou’
212 3660 300 3720 porro
315 3643 470 3720 ingratum,
484 3649 537 3700 aut
550 3639 755 3708 inhumanum,
769 3644 820 3696 aut
834 3636 938 3706 leram,
