2402 4036
440 691 702 791 russum

368 941 768 1076 usurus

448 1233 683 1299 PROLOGUS.

67 1413 242 1504 Hucurtr
257 1453 301 1504 est
312 1445 381 1504 huic
391 1463 495 1504 nornen
509 1444 640 1506 fabule:
662 1444 726 1504 hese
740 1444 811 1505 cum
823 1444 894 1506 date
907 1453 953 1504 est

65 1525 162 1594 Nove,
178 1545 286 1584 novum
301 1525 457 1585 intervenit
471 1525 582 1595 vitium,
596 1535 626 1584 et
637 1523 801 1598 calamites,

64 1605 106 1664 Ut
119 1624 215 1684 neque
228 1606 355 1682 spectari
370 1625 464 1684 neque
478 1605 617 1682 cognosci
631 1605 773 1683 potuerit.

63 1683 110 1745 lte
124 1686 251 1762 populus
266 1686 365 1745 studio
377 1686 516 1763 stupidus
529 1685 559 1744 in
575 1685 748 1746 funambulo

62 1765 199 1824 Animum
215 1766 396 1844 oceupurst:
417 1783 495 1826 nunc
509 1765 573 1826 iraec
587 1766 675 1844 piene
688 1775 734 1828 est
748 1785 801 1844 pre
813 1765 909 1838 11er

63 1846 101 1904 Et
114 1846 150 1916 is,
165 1845 215 1924 qui
231 1848 345 1925 scripsit
357 1849 444 1917 hauc,
459 1847 576 1906 obeam
592 1867 653 1906 rem
667 1845 761 1907 uoluit

61 1925 171 1984 Iterum
187 1927 302 1997 referre,
317 1936 350 1986 ut
364 1928 467 1986 iterum
481 1937 582 2002 posset
595 1926 729 1987 vendere.

61 2006 143 2064 Aiias
158 2006 306 2085 cogubstis
319 2008 383 2084 ejus
397 2026 405 2066 ε
427 2025 530 2083 quaeso
543 2007 621 2067 herro
632 2026 708 2066 nuuc
722 2007 846 2068 noscite.

368 2248 505 2308 ALTER
525 2246 760 2308 PROLOGUS.

62 2404 219 2462 ORATOR
232 2401 271 2460 ad
287 2421 339 2462 vos
354 2402 440 2461 venio
453 2407 560 2464 uruat-u.
572 2399 687 2478 prologi
700 2418 709 2460 r

61 2483 155 2544 Sinite
169 2491 302 2541 exorator
317 2490 349 2541 ut
360 2483 432 2553 sim;
454 2481 559 2542 eodem
575 2489 608 2538 ut
617 2479 686 2556 jure
699 2480 742 2541 uti
756 2499 858 2542 sertem

59 2564 174 2633 Liceat,
187 2581 248 2640 quo
256 2563 325 2638 jure
340 2581 405 2621 sum
418 2581 489 2623 usus
502 2561 738 2624 sdoiesceutiors

59 2644 164 2702 Novas
179 2643 229 2719 qui
243 2650 363 2704 exactas
378 2641 436 2703 feci
452 2652 483 2702 ut
498 2643 763 2716 inveterascereut3

57 2724 106 2782 Ne
121 2743 190 2782 euru
203 2724 293 2800 poete
307 2722 667 2802 scripturaesenesceret.

58 2805 91 2862 In
109 2805 165 2876 his,
181 2822 256 2880 ques
270 2803 399 2882 primunr
414 2804 526 2863 cecilii
539 2803 631 2864 didici
643 2821 744 2874 uerus,

59 2885 170 2944 Partim
186 2902 250 2960 suns
264 2903 362 2943 esrum
378 2891 519 2944 exectus:
543 2883 650 2960 purtim
664 2883 712 2942 vix
726 2883 804 2942 steti.
825 2931 827 2936 .

58 2965 138 3032 Quia
152 2963 280 3024 sciebam
294 2963 417 3024 dubiem
432 2962 582 3022 fortuuerrs
597 2981 662 3020 esse
674 2965 833 3036 scenicum,

56 3045 118 3122 Spe
129 3042 249 3114 incestu,
264 3053 373 3103 certum
387 3042 458 3102 mihi
469 3041 601 3102 laborem
615 3042 730 3101 sustuli.

54 3123 182 3184 &edem
196 3143 282 3199 egere
296 3124 385 3202 ccepi,
402 3132 434 3181 ut
448 3121 605 3182 abeodem
619 3121 693 3180 alius
705 3121 849 3182 discerem
1019 3133 1057 3185 10

54 3203 170 3276 Novas,
186 3203 329 3275 studiose,
343 3223 379 3262 ue
392 3202 527 3262 iiium‘ab
537 3200 641 3260 studio
655 3201 843 3264 abducerem.

53 3284 178 3358 Perfeci,
191 3292 224 3342 ut
238 3292 458 3361 spectarentur:
480 3283 532 3341 ubi
546 3291 615 3340 sunt
624 3281 762 3360 coguitae,

49 3364 178 3428 Placitae
193 3373 272 3424 sunt.
313 3365 360 3424 Its
373 3361 783 3442 poetassrsstusujctueuu,

51 3446 150 3525 Prope
158 3445 223 3524 jem
238 3452 383 3504 remotum
398 3441 504 3522 injuris
519 3439 720 3502 adversarium

48 3525 99 3585 Ab
114 3526 226 3596 studio,
241 3533 331 3603 etque
343 3519 508 3596 ub-isbors,
523 3531 613 3600 etque
624 3529 686 3582 erte
699 3518 821 3594 musice.
923 3567 929 3577 .

47 3605 140 3676 Quid
155 3605 181 3668 si
194 3605 368 3685 scripturum
382 3603 553 3684 sprevissem
567 3599 777 3684 represserit,
