2404 4038
505 217 739 280 EUNUCHUS.

523 443 654 506 SCENA
682 443 734 506 lv.
854 479 857 486 ·

233 619 421 679 Primnum.
462 620 600 683 Donos.
642 623 819 686 Pusulae.
859 627 1014 690 Domus.

124 775 187 840 ΡΙι.
208 773 273 832 Exr
289 773 377 844 foras,
393 773 532 834 sceleste!
553 784 582 834 at
596 777 683 836 etiam
698 777 824 849 restitas,

122 853 278 931 Fugitivei
298 855 395 931 prodi,
409 855 483 912 male
499 857 662 917 conciliate.
704 859 766 918 Do.
789 859 937 920 Obsecro.
973 861 1037 922 ΡΙι.
1053 861 1126 923 oh!

122 933 201 992 Illud
217 932 301 1000 vide3
323 955 354 992 os
368 945 399 992 ut
413 935 469 992 sibi
483 935 614 994 distorsit
627 937 767 995 carnutes
779 938 787 996 i

124 1013 204 1081 Quid
221 1013 277 1070 huc
292 977 396 1070 reditio
413 1015 473 1072 ’sti
494 1015 563 1091 quid
580 1017 668 1074 vestis
685 1017 830 1076 mutatioi

122 1092 204 1160 Quid
220 1093 340 1151 narras?
365 1094 496 1170 paudum
513 1114 536 1151 si
530 1095 720 1166 cessissent,
736 1097 866 1174 Pythias,

121 1173 212 1230 Domi
226 1192 285 1230 non
299 1171 504 1232 offendissem.
529 1176 569 1232 ita
579 1175 640 1249 jam
655 1177 821 1235 adornabat
834 1175 946 1254 fugam.

98 1249 185 1330 Py.
207 1253 344 1311 Habesne
373 1252 530 1325 hominem,
556 1254 686 1316 amabo?
743 1255 806 1314 ΡΙι.
835 1255 948 1324 Quidni
972 1257 1125 1317 habeam}

244 1333 307 1409 Py.
328 1329 590 1392 Oiactotubene!

122 1411 185 1470 Do.
206 1413 287 1470 lstuc
303 1411 354 1488 poi
368 1412 435 1472 verd
451 1413 535 1473 bene
570 1414 634 1491 Py.
656 1413 716 1474 Ubi
728 1414 795 1474 esti
817 1413 879 1473 ΡΙι.
895 1413 1038 1492 Rogitas?
1059 1436 1122 1477 uon

243 1492 346 1549 videsi

121 1571 186 1649 Py.
207 1571 353 1630 Videam?
384 1572 509 1629 obsecro
533 1572 648 1648 quemi
688 1573 751 1632 ΡΙι.
772 1573 859 1632 Hunc
887 1573 1011 1635 scilicet.
1053 1577 1122 1652 Py.

243 1651 318 1718 Quis
335 1649 382 1707 hio
392 1664 438 1708 est
450 1653 560 1710 homoi

74 1726 76 1730 ’
120 1729 185 1788 ΡΙι.
207 1729 267 1796 Qor
281 1729 317 1787 ad
334 1748 386 1786 vos
400 1729 545 1788 dedoctus
560 1730 711 1790 hodresst
734 1733 797 1808 Py.
811 1730 1068 1794 Hunoooulrssuu
1083 1743 1124 1795 10

119 1809 293 1867 Nostrarum
310 1829 469 1885 numquam
486 1811 736 1888 quisquamvidit,
753 1811 897 1870 Phaedria.
1187 1772 1191 1887 i

120 1887 184 1946 Pa.
207 1888 383 1948 Nonviditi
405 1891 469 1968 Py.
491 1893 582 1948 Anto
601 1891 925 1960 iruuocredidistiesse,
940 1891 1076 1963 obsecro,

118 1967 167 2026 Ad
182 1969 432 2125 nosldfdootumt
453 1971 516 2030 ΡΙι.
532 1973 606 2030 Nam
624 1972 732 2049 qoem?
752 1971 842 2030 alium
857 1971 948 2031 habui
961 1973 1119 2034 neminem.
1187 2034 1191 2083 Ι

326 2051 390 2108 Au!

117 2126 196 2184 Ne·
180 2131 395 2204 comparandus
412 2127 459 2185 hic
474 2129 591 2206 quidem
607 2129 644 2187 ad
659 2129 740 2186 ilium
755 2138 818 2188 est:
841 2129 888 2189 iiie
901 2137 963 2190 erat

116 2205 252 2266 Honestd
270 2209 342 2267 faeie
357 2220 385 2266 et
400 2209 519 2267 liberali.
563 2209 626 2267 ΡΙι.
649 2207 735 2266 lta
710 2227 783 2267 visos
796 2219 842 2269 est

116 2285 249 2357 Dudum,
266 2289 334 2365 quia
348 2287 428 2346 varid
443 2302 523 2346 veste
536 2299 691 2346 exornatos
705 2287 777 2347 tuit:

115 2364 205 2426 Nunc
217 2333 252 2426 ed
268 2369 321 2426 tibi
337 2368 450 2426 videtur
465 2369 570 2438 foedus,
587 2369 655 2444 quia
671 2368 748 2426 iiiam
766 2369 934 2428 nonhabet.

114 2445 179 2522 Py.
201 2449 291 2516 Tace,
306 2448 447 2514 obsecro;
471 2449 634 2523 quasivero
650 2448 779 2524 panlinus
796 2449 935 2508 intersiet.

114 2525 164 2586 Ad
180 2545 232 2582 uos
247 2527 391 2584 deductos
408 2528 494 2584 hodie
510 2539 556 2585 est
567 2529 817 2599 adolescentulos,
1187 2540 1192 2635 ⁴

114 2604 210 2671 Quem
226 2615 258 2663 tu
273 2605 342 2663 verd
358 2606 454 2663 videre
469 2605 567 2674 uelles,
585 2605 726 2664 Phaedria.
1078 2617 1117 2671 20

114 2683 174 2741 Hic
185 2695 229 2742 est
245 2695 340 2754 vetos,
357 2685 460 2754 vietus,
476 2694 646 2742 veternosos
661 2705 758 2755 senex,

114 2761 219 2822 Colore
236 2763 408 2822 mustelirno
452 2729 515 2823 'Pu
539 2766 625 2834 Hem,
643 2785 709 2841 quae
724 2768 787 2824 haee
801 2773 844 2823 est
858 2764 982 2826 tabulas

113 2843 159 2902 Ed
172 2845 278 2922 redigis
295 2865 349 2914 me,
366 2854 409 2914 ut,
426 2846 496 2920 quid
512 2845 628 2924 egerim,
644 2859 757 2938 egomet
773 2845 913 2907 nesciam.

114 2923 179 2982 Eho
195 2927 245 2984 ιιιΙ
269 2925 355 2982 ernin’
369 2945 423 3000 ego
436 2925 486 2982 tei
520 2919 583 2984 Do.
601 2925 678 2982 Fini
681 2927 712 2983 ιι
753 2926 817 3002 Py.
831 2927 920 2995 tube,
935 2923 1115 2984 mihidenoo
1191 2965 1192 2973 ι

113 3002 309 3080 Respondeat.
332 3005 394 3064 ΡΙι
411 3005 502 3081 Roga
532 3005 595 3081 Py.
612 3005 752 3063 Venistin’
763 3004 991 3064 hodieadnosi
1012 3016 1113 3083 negat.
1190 3040 1193 3057 ι

113 3083 154 3140 At
167 3084 214 3140 ilie
229 3085 301 3142 aiter
315 3086 402 3151 seuit,
417 3105 507 3141 orinos
525 3098 609 3141 natus
625 3085 766 3156 sedecim,

115 3161 210 3228 Quem
227 3183 324 3220 seeum
341 3163 466 3222 adduxit
482 3165 633 3222 Parmeno
677 3165 738 3223 ΡΙι.
758 3131 823 3241 ’Age
846 3164 928 3236 dum,
956 3163 1014 3222 hoc
1042 3133 1115 3222 miiri
1196 3163 1197 3168 '

113 3241 365 3380 Primdmexisetiin
382 3339 467 3396 quarn
482 3322 582 3390 habes,
600 3321 676 3380 unde
691 3322 792 3392 habes
807 3322 939 3382 vestemi
965 3259 1072 3382 tacesi

113 3403 280 3460 Monstrum
297 3401 440 3460 hominis!
466 3423 523 3460 non
539 3403 694 3460 die'torus't
736 3403 798 3462 Do.
821 3404 906 3460 Venit
921 3401 1057 3462 Chaerea.

114 3481 177 3544 Pu.
198 3483 355 3541 Fraternei
390 3482 452 3540 Do.
476 3485 531 3542 Ita.
568 3482 793 3548 Pls.Quando'i
827 3483 891 3544 Do.
905 3481 1013 3542 Hodie.
1049 3482 1114 3541 Pu.

225 3561 480 3633 -Qodmdoduuii
521 3561 584 3621 Do.
604 3559 707 3620 Modd.
1073 3569 1114 3624 30
