2404 4038
99 194 139 248 tt
333 173 853 250 HRAUTONTIMORUMENOS.

98 341 259 409 Treutomt
281 335 333 398 ned
347 337 385 408 vi,
399 346 429 397 et
442 327 488 396 vid
503 337 674 416 pervulgati
687 323 817 418 petitum.

98 418 238 488 Quotidie
251 419 448 478 accusabam:
470 416 548 488 hem,
563 418 653 478 tibine
665 419 731 480 haee
744 419 854 480 diutius
1055 423 1096 475 50
1190 461 1191 464 η

96 499 202 560 Licere
215 515 315 575 operas
328 495 439 568 lucete,
453 515 500 555 me
515 496 581 556 vivo
595 507 692 576 patre,

96 578 231 638 Amionm
245 585 277 634 ut
290 575 399 634 habeas
409 593 503 654 prope
512 575 578 652 jum
594 579 622 636 in
638 577 738 637 uxoris
752 575 839 638 loool

96 659 195 727 Errat,
210 655 234 716 ei
247 654 278 714 id
293 654 398 725 eredis,
412 663 442 714 et
456 673 503 714 tue
513 653 638 730 ignoras,
653 657 759 718 Clinia.

95 738 160 816 Ego
173 745 202 795 te
216 754 311 796 meum
325 752 389 795 esse
402 733 463 794 diui
477 735 620 812 tantisper
635 737 711 806 volo,
829 775 832 783 .

97 818 190 886 Dum,
205 814 286 893 quod
299 821 329 872 te
344 814 465 892 dignum
480 813 526 885 ’st,
540 814 650 874 facies:
672 815 736 883 ned,
750 813 775 874 oi
790 813 820 874 id
834 831 893 874 non
906 813 991 886 tacis,

97 897 173 974 ligo,
189 893 269 972 quod
283 912 330 952 me
344 895 374 952 in
388 902 418 952 te
432 891 579 952 sittacene
593 893 725 972 dignum,
737 893 885 955 invenero.

96 973 190 1032 Nullo
203 971 280 1034 nded
294 991 330 1030 ex
342 992 373 1032 re
386 973 462 1032 istuc
476 969 522 1042 iit,
538 971 592 1030 niti
606 993 642 1032 eu
656 971 747 1031 nimio
761 973 834 1034 otio.

97 1054 174 1128 ligo.
188 1053 266 1112 istun
280 1051 385 1122 utatis,
400 1069 460 1109 non
474 1051 567 1112 amori
578 1069 699 1129 operum
713 1051 833 1126 dabam,

97 1132 158 1194 Sed
173 1133 203 1190 in
218 1132 320 1190 Asiam
334 1131 403 1190 hino
416 1129 474 1188 abii
489 1139 611 1208 propter
624 1132 815 1210 pauperiem
830 1139 918 1210 utque
932 1129 973 1191 ibi

97 1213 191 1272 Simul
204 1230 275 1281 rem,
289 1220 319 1270 et
333 1210 405 1272 belli
418 1209 552 1288 gloriam,
566 1211 792 1290 urmievrepperi.
1054 1209 1096 1268 60

97 1290 250 1351 Postremd
263 1291 338 1350 oded
351 1309 395 1349 tes
409 1288 512 1350 rediit:
533 1291 779 1364 adolescentulus,

98 1373 187 1449 Saepe
201 1370 306 1432 endem
319 1378 349 1428 et
359 1366 483 1449 graviter
495 1370 654 1441 audiendo,
669 1371 763 1430 victus
773 1379 831 1443 est,

17 1455 20 1464 ⁴
97 1450 136 1510 Et
148 1460 234 1510 oetnte
249 1448 363 1528 putavit
376 1469 433 1519 me,
447 1458 477 1508 et
491 1449 705 1520 benevolentilt,

95 1531 167 1590 Plus
181 1531 257 1590 scire
271 1539 302 1588 et
315 1527 478 1606 providere,
492 1546 580 1604 qnam
595 1547 625 1586 se
639 1529 735 1604 ipsum
752 1528 817 1588 sibi.

98 1612 134 1668 In
151 1610 251 1668 Asiam
263 1607 302 1666 nd
316 1626 413 1682 regem
428 1605 582 1668 militatum
596 1606 680 1676 abiit.
693 1607 828 1666 Chreme.

101 1689 155 1750 Ch.
170 1686 251 1756 Quid
266 1685 329 1744 uisi
350 1685 414 1744 Me.
428 1685 512 1743 Clam
528 1703 573 1743 me
586 1684 747 1761 profectus,
763 1706 876 1746 menneo
890 1687 958 1746 treis
972 1687 1067 1747 obest.

102 1767 156 1828 ct.
171 1766 269 1826 Ambo
282 1761 460 1830 neeusnndi3
475 1763 529 1824 etsi
545 1764 615 1822 illud
630 1764 779 1843 inceptum
796 1775 894 1826 tamen

100 1845 199 1905 Animi
213 1855 258 1902 est
272 1842 410 1921 pudentis
428 1842 554 1920 signum,
567 1854 597 1903 et
611 1863 670 1902 non
684 1843 836 1905 instrenui.

98 1925 162 1985 Me.
178 1923 239 1983 Ubi
256 1923 387 2001 comperi
400 1943 437 1982 ex
451 1922 498 1994 iis,
513 1923 563 2002 qui
578 1922 605 1982 ei
619 1923 701 1983 suere
716 1927 842 1996 conscii·

98 2005 226 2064 Domum
241 2012 374 2064 revertor
389 2012 521 2072 moestus,
539 2012 627 2081 etque
640 2004 741 2063 dnimo
753 2003 813 2064 lere
1056 2012 1096 2072 70

97 2083 281 2154 Perturbeto,
296 2093 386 2160 utque
399 2082 513 2142 incerto
526 2101 588 2159 prm
601 2083 791 2158 aegritudine:
814 2138 821 2153 ,

98 2163 234 2230 Adsidue
257 2162 419 2222 adcurrunt
432 2163 517 2231 nervi,
532 2181 634 2222 soccos
647 2161 824 2230 detrahuntt

97 2243 192 2302 Video
205 2240 276 2301 nliot
291 2240 440 2308 festinare,
453 2241 548 2302 leutos
561 2250 699 2312 sternere,

98 2323 219 2382 Coennm
233 2321 394 2398 adparere:
416 2339 470 2398 pro
485 2342 516 2380 se
527 2321 656 2400 quisque
670 2320 774 2382 seduld

98 2402 250 2471 Faciebat,
266 2401 325 2478 qud
339 2401 419 2460 illam
434 2401 504 2461 mibi
517 2402 640 2462 lenirent
653 2401 807 2462 miserium.

97 2481 158 2540 Ubi
169 2481 256 2538 video
271 2479 346 2551 haeo,
361 2481 439 2558 uoepi
454 2482 603 2558 cogitare:
626 2482 701 2540 llem
714 2483 723 2540 l
745 2491 790 2540 tot
803 2480 869 2540 med

99 2559 196 2618 Solius
210 2557 324 2617 solliciti
338 2560 396 2617 tint
409 2560 509 2628 deusd,
524 2569 556 2618 ut
570 2578 616 2618 me
631 2578 719 2617 unum
734 2559 891 2638 expleantl

97 2638 222 2698 Anoillae
234 2645 280 2696 tot
294 2657 340 2695 me
354 2637 502 2696 vestienti
524 2647 636 2698 sumtus
650 2637 733 2698 domi

95 2717 210 2778 'l'nntos
224 2735 279 2795 ego
294 2716 373 2776 solus
387 2716 516 2778 fneinml
531 2717 582 2776 sed
593 2727 713 2795 gnatum
724 2717 857 2790 unicum,

96 2800 195 2868 Quem
208 2796 319 2875 pariter
333 2796 376 2856 uti
389 2795 435 2856 hin
447 2796 558 2869 decuit,
573 2798 721 2866 autetiam
736 2799 873 2876 emplum,
1055 2810 1096 2862 80

98 2877 189 2948 Quod
202 2877 250 2936 illn
261 2887 332 2936 aetns
343 2877 434 2954 magis
447 2875 486 2936 ud
503 2877 567 2935 haee
581 2877 691 2937 utendo
704 2877 810 2937 idoneo
823 2879 870 2949 ἐι,

96 2958 174 3018 Eum
188 2977 243 3035 ego
258 2957 325 3016 hinc
340 2955 416 3032 eieci
429 2957 564 3016 miserum
573 2956 718 3032 injustitie
727 2955 799 3018 med.

97 3036 181 3098 Melo
194 3036 312 3114 quidem
327 3055 372 3095 nte
385 3036 505 3114 dignum
518 3037 624 3116 quovis
637 3037 776 3114 deputem

96 3115 130 3176 Si
144 3115 175 3174 id
189 3114 313 3174 facium:
335 3133 402 3188 num
414 3117 587 3192 usquedum
601 3115 648 3176 ille
661 3117 752 3176 vitum
766 3079 844 3176 illum
858 3117 937 3176 colet

96 3196 230 3271 Inopem,
244 3212 347 3252 cerens
361 3193 504 3270 putridob
519 3213 598 3254 mens
611 3195 652 3272 ini
658 3195 744 3264 urias,

97 3275 212 3335 Interea
227 3291 320 3348 utque
332 3272 375 3331 illi
385 3273 423 3334 de
438 3292 484 3334 me
495 3273 670 3354 supplicium
685 3273 777 3345 dabo,

97 3353 259 3422 Leboteno,
275 3370 420 3429 quaerens,
435 3371 567 3430 parcens,
582 3353 624 3412 illi
637 3353 777 3413 serviens.

96 3433 144 3494 ltu
157 3433 235 3494 secio
249 3450 367 3510 ptumus
379 3451 387 3489 ε
408 3432 479 3492 nihil
492 3431 626 3510 relinquo
646 3432 677 3491 in
691 3431 809 3493 nedibus

96 3511 162 3586 Neo
176 3531 236 3585 vus,
250 3531 303 3572 neo
317 3514 540 3572 vestimentumt
561 3511 674 3572 comui
686 3512 795 3584 omnin,

986 1357 997 1392 Ι
