2402 4036
370 238 502 300 ACTUS
524 237 550 302 1.
592 239 723 302 SCENA
745 240 797 299 iV.
1026 244 1083 302 201

81 389 518 534 ὒι.Οιιιιι1ι]υὲιιιι1ιιιάἰιιὶι,
548 394 630 474 quod
656 395 722 473 ejus
751 392 947 456 remedium
939 392 1085 454 inveniam

204 471 303 532 irsoun
327 493 362 533 ιω
782 510 784 514 -

79 551 260 630 Loquurnei
287 553 461 614 incendam.
488 554 630 615 tresenti
666 553 822 633 instigem:
862 573 986 634 purgem
1013 554 1087 614 mei

104 641 108 647 ’
205 632 322 692 laterem
335 633 441 694 lavem

78 711 166 772 Eheu
181 731 227 772 me
242 713 397 774 miserum!
420 733 512 792 quum
526 711 596 774 mihi
611 731 717 792 paveo,
739 723 803 775 tum
823 713 957 792 Antipho
971 733 1018 773 rue
1035 731 1086 773 es-

204 795 319 853 eruerat
331 814 438 854 ammi.
1049 802 1086 854 10

83 873 155 949 Ejus
169 893 217 932 me
236 875 373 936 miseret:
394 875 421 934 ei
437 893 515 934 nuuc
530 874 637 935 timeo:
660 874 685 934 is
707 893 784 935 nuno
802 874 970 942 mesetinet
981 896 990 946 ς
1017 892 1084 934 unm

204 954 315 1032 absque
330 976 365 1014 so
379 966 465 1027 esset,

79 1033 175 1094 Recte
189 1053 244 1114 ego
259 1036 329 1094 mihi
345 1036 494 1106 vidissem,
509 1045 538 1095 et
553 1035 628 1096 senis
640 1055 734 1096 essem
748 1037 829 1096 uitus
844 1034 1043 1096 iracundiamr

79 1115 204 1192 Aliquid
220 1115 437 1256 ιιᾶιιιιιιῆιιιιιι,
428 1121 545 1194 ‚utque
566 1117 634 1176 hino
657 1137 703 1176 me
717 1117 894 1193 conjicerem
907 1117 1042 1196 protinus
1056 1114 1085 1174 in

204 1215 239 1274 pe
264 1217 294 1255 es

80 1277 146 1337 Αιι.
163 1277 260 1345 Quam
276 1277 325 1336 hro
339 1276 450 1356 fugam
466 1285 518 1336 aut
533 1275 641 1336 furtum
657 1274 763 1353 parati
823 1301 825 1306 ·

82 1357 138 1418 Ge.
154 1356 214 1417 Sed
232 1357 283 1416 ubi
301 1358 500 1450 Antiphonem
527 1354 693 1434 ιιρειίιιιιι7
719 1366 782 1415 sut
796 1353 857 1433 qui
885 1373 1014 1434 quaerere
1042 1353 1085 1414 in-

205 1437 386 1497 sistnnrviiri

82 1517 175 1578 Pisce.
187 1517 232 1577 Te
255 1517 396 1578 nominat.
438 1517 502 1578 Αιι.
517 1517 629 1578 Nescio
650 1515 732 1597 quod
755 1533 891 1596 maguum
916 1515 1090 1576 hoonnntio

206 1607 348 1675 exspecto
365 1599 484 1659 malurn.

83 1677 176 1738 Pisce.
194 1677 259 1737 Ah!
280 1681 472 1738 sanusneesi
515 1677 568 1738 Ge.
583 1677 744 1736 Domum
736 1695 779 1736 tre
803 1695 945 1781 pergam:
967 1675 1087 1756 ibiplu·

204 1757 333 1817 rimum’
335 1769 373 1820 st.
416 1759 506 1820 Pro.
520 1759 705 1818 Revocemus
825 1808 832 1821 .

84 1837 255 1898 Hominem.
297 1837 360 1896 Αιι.
376 1839 517 1898 Stsilico.
560 1839 614 1898 Ge.
629 1838 724 1898 Hem!

83 1919 161 1978 Satis
189 1938 243 1997 pro
263 1918 396 1996 imperio,
421 1917 555 1996 quisquis
577 1919 627 1978 es!
669 1915 731 1978 An.
742 1917 833 1978 Gsts.
877 1919 930 1980 Ge.
945 1918 1014 1996 Ipse
1032 1926 1088 1990 est,

206 2019 294 2076 quem
304 1998 380 2057 volui
394 1996 522 2059 obvium.

82 2080 149 2142 An.
165 2079 260 2148 Cedo,
283 2078 353 2156 quid
369 2087 480 2157 portus,
501 2077 650 2138 obsecroi
670 2062 762 2156 atque
782 2075 824 2147 id,
846 2095 871 2134 ιι
885 2085 981 2153 potes
997 2077 1088 2136 verbo

86 2240 138 2300 Ge.
153 2159 388 2299 Ὴιιείἒειῗὼιίιι.
403 2238 557 2318 Eloquere.
601 2238 654 2298 Ge.
669 2236 763 2296 Modo
777 2236 856 2314 apud
872 2245 1000 2314 portum.
1024 2167 1089 2296 A?

207 2317 368 2377 Meumnei
391 2319 445 2378 Ge.
459 2318 618 2378 intellexti.
659 2318 723 2378 Αιι.
737 2317 864 2378 Occidit
911 2316 963 2376 Ge.
978 2316 1074 2376 Hem!

84 2399 150 2459 Αιι.
177 2399 257 2469 Quid
284 2399 392 2476 agnini
435 2399 525 2458 Prae.
555 2397 634 2467 Quid
663 2399 733 2459 sisi
776 2397 830 2458 Ge.
855 2396 951 2474 Hujus
974 2405 1088 2474 patrem

207 2478 315 2538 vidisse
329 2498 375 2537 me
377 2489 542 2557 ,patruum
555 2488 650 2537 tuum.

84 2559 149 2618 Αιι.
163 2557 239 2617 Nam
256 2558 336 2637 quod
356 2579 412 2636 ego
433 2557 501 2618 huic
516 2577 594 2618 nuno
615 2557 713 2618 subito
726 2557 817 2618 exitio
837 2555 1016 2616 temedium
1009 2575 1089 2616 mve-

207 2639 284 2698 uiam
300 2639 403 2699 miseri

84 2715 220 2788 ΟιιὸιίΙ
197 2739 221 2777 ει
245 2718 370 2779 eomeae
385 2718 518 2778 fortunae
540 2719 673 2790 redeunt,
697 2718 851 2791 Phanium,
872 2716 1091 2777 absteutdis·

208 2801 305 2858 trahar

84 2879 226 2938 Nulla'st
249 2839 319 2938 mihi
341 2879 401 2938 vita
422 2877 603 2955 expetundn.
647 2878 700 2938 Ge.
726 2878 804 2956 Ergo
825 2877 908 2937 istsso
930 2896 1021 2956 quum
1048 2876 1097 2937 ita.

208 2960 276 3031 siut,
291 2958 434 3037 Antipho,

81 3038 182 3099 Tanto
208 3041 300 3118 magis
322 3050 351 3099 te
373 3037 532 3116 advigilare
555 3058 672 3117 aequotn
691 3048 756 3098 est:
779 3037 881 3098 sorteis
900 3036 1019 3099 fortuna
1039 3037 1090 3098 ad-

212 3120 304 3179 urat.
1051 3161 1054 3168 ,

84 3199 149 3259 Αιι.
164 3141 232 3258 Nojn
246 3221 309 3258 sum
324 3197 403 3278 apud
421 3217 477 3257 me
509 3197 562 3258 Ge.
578 3197 671 3277 Atqur
685 3219 762 3278 opus
776 3207 821 3258 est
835 3217 914 3258 nuno
929 3199 998 3258 oum
1012 3219 1093 3261 msx-
1173 3267 1186 3275 ,

210 3281 277 3339 utne
293 3291 324 3338 ut
340 3281 388 3350 sis,
405 3278 557 3354 Antipiro;

82 3360 202 3420 Nam
180 3380 203 3420 st
219 3361 341 3419 senserit
356 3370 385 3419 te
399 3357 531 3418 timidum
547 3366 630 3435 puter
644 3378 719 3429 esse,
735 3357 926 3419 arbitrabitur
1020 3376 1025 3384 ·

81 3441 298 3502 Commeruisse
326 3441 455 3532 culpam.
514 3439 601 3500 Pisce.
625 3439 692 3499 Hoc
714 3457 814 3500 verum
835 3447 891 3500 est.
941 3439 1002 3500 Αιι.
1023 3439 1093 3500 Non

208 3539 330 3599 possum
347 3518 538 3582 immutarier.
