2402 4036
362 213 493 273 ACTUS
515 211 567 272 lv,
588 211 721 273 SCENA
742 211 783 272 ll.
1027 216 1085 276 21⁵

88 365 174 436 Clare.
196 365 357 444 Postquam
374 365 453 426 ridet
469 385 515 426 me
528 366 591 444 ejus
607 375 699 426 mater
712 386 776 428 esse
787 366 836 427 blo
849 367 969 442 diutius,

86 445 181 505 Simul
197 456 295 505 autem
311 466 369 505 non
385 447 521 506 manebat
535 455 609 506 setas
624 446 741 525 virginis

84 527 187 585 Meam
199 526 414 604 negligentiam,
430 527 523 603 ipsam
539 546 607 589 cum
621 527 702 585 omni
716 526 824 586 familia
890 533 894 540 ‘

84 603 139 664 Ad
152 625 196 666 me
211 607 373 684 profectam
389 626 453 666 esse
468 607 596 666 aiebant.
639 607 699 666 Dc.
720 609 799 676 Quid
814 606 872 669 illio
887 617 946 669 tarn
962 609 1024 682 diu,

85 685 210 756 Quaeso,
224 687 313 764 igitur
327 687 560 758 commorabare,
577 686 628 746 ubi
642 687 673 746 id
687 688 862 748 audirerasl

85 765 173 827 Chre.
200 765 253 825 Pol
281 787 327 826 me
355 767 482 827 detinuit
509 768 641 828 morbus.
697 768 757 829 De.
792 768 900 830 Undei
933 781 986 832 aut
1013 771 1087 853 quil

208 846 293 906 Cbre.
310 847 432 924 Rogasl

83 929 230 986 Senectus
244 931 308 1006 ipsa
324 937 370 986 est
382 928 522 996 morbus;
544 927 594 987 sed
610 927 720 988 venisse
734 948 784 988 eas

82 1006 194 1078 Salvas,
209 1007 307 1066 audiri
320 1029 356 1066 ex
371 1007 468 1078 nauta,
484 1009 534 1087 qui
547 1008 610 1068 illas
626 1019 755 1070 vexerat.
816 1009 825 1030 '
1050 1025 1087 1077 10

85 1088 144 1148 De.
159 1087 238 1156 Quid
254 1098 343 1164 gnato
357 1088 506 1164 obtigerit,
523 1109 568 1147 me
583 1089 716 1162 absente,
732 1088 882 1163 audistin,
898 1091 1047 1153 Chremel

86 1167 274 1238 ebreduni
290 1167 410 1244 quidem
425 1187 470 1226 me
482 1169 593 1228 factum
609 1169 724 1228 consilii
739 1172 882 1230 incertum
894 1170 984 1242 facin

84 1247 163 1308 Nam
179 1247 253 1309 buno
268 1249 467 1308 conditionem
484 1248 504 1306 si
520 1248 569 1306 cui
583 1249 678 1308 tulero
692 1249 830 1320 extrario,

85 1329 155 1395 Quo
170 1341 267 1404 pacto,
282 1337 333 1388 aut
349 1327 425 1388 unde
439 1327 510 1386 rnibi
525 1327 573 1401 sit,
589 1327 748 1389 dicendum
762 1330 865 1390 ordine
878 1342 931 1392 est.

84 1408 130 1467 Te
147 1409 216 1467 mibi
231 1409 347 1468 fidelem
362 1429 427 1468 esse
440 1410 537 1486 aeque,
549 1418 640 1486 atque
655 1419 772 1486 egomet
782 1431 846 1471 sum
858 1411 939 1484 mibi,

84 1488 227 1550 Scibam:
243 1489 302 1562 ille,
317 1489 341 1548 si
353 1509 400 1548 me
411 1487 523 1548 ¹{alienus
538 1487 664 1548 adfinem
674 1491 764 1563 volet,

85 1570 227 1640 Tacebit,
240 1569 309 1629 dum
326 1569 493 1638 intercedet
508 1569 688 1630 familiaritas
700 1591 708 1639 ς

83 1651 132 1709 Sin
146 1651 289 1729 spreverit
303 1669 358 1722 me,
374 1650 448 1728 plus,
465 1649 554 1728 quim
565 1670 641 1730 opus
656 1661 699 1711 est
712 1651 902 1728 scito,sciet:

84 1732 264 1810 Vereorque,
280 1751 316 1790 ne
332 1750 404 1790 uxor
418 1731 516 1810 aliquit
531 1731 587 1791 hoc
603 1732 746 1793 resciscat
760 1751 841 1800 mea;

83 1811 171 1880 Quod
188 1813 212 1870 ai
227 1809 273 1881 fit,
289 1820 321 1870 ut
336 1833 381 1872 me
396 1813 556 1882 excutiam,
567 1822 657 1890 atque
671 1812 805 1890 egrediar
820 1813 921 1884 domo,
1045 1823 1084 1875 20

81 1891 114 1949 ld
132 1901 238 1960 restat;
261 1911 326 1950 narn
341 1911 396 1969 ego
411 1910 538 1950 meorum
554 1892 706 1950 soluasum
722 1911 813 1951 meus.

82 1975 140 2034 De.
156 1972 224 2030 Scio
240 1972 281 2031 ita
294 1991 375 2040 esse:
397 1981 427 2029 et
440 1971 522 2030 istaeo
538 1971 607 2030 mibi
622 1990 665 2030 res
680 1971 867 2032 sollicitudini
882 1981 924 2032 est
939 1991 947 2030 ε

81 2054 186 2131 Neque
201 2051 275 2110 aded
289 2050 446 2110 defetiscar
462 2070 598 2128 umquam
611 2050 779 2128 experirier,

79 2134 185 2194 Donec
200 2132 253 2198 tibi
264 2131 305 2204 id,
320 2131 399 2210 quod
415 2131 563 2211 pollicitus
578 2151 653 2204 sum,
665 2131 800 2198 effecero.

482 2337 614 2397 SCENA
636 2337 675 2396 ll.

520 2483 634 2542 Graan.

79 2645 155 2702 Eoo
170 2641 317 2701 bominem
332 2637 510 2700 callidiorem
523 2637 583 2698 vidi
597 2639 740 2704 neminem

78 2722 175 2794 Quam
189 2721 415 2786 Phormionem:
438 2719 522 2779 uenio
536 2719 574 2780 ad
590 2720 749 2793 bominem,
765 2724 945 2798 utdieerem,

79 2809 211 2882 Argento
226 2821 303 2880 opus
316 2820 389 2870 esse,
403 2808 433 2858 et
445 2801 474 2858 id
491 2819 550 2876 quo
565 2809 653 2876 pacto
667 2799 771 2862 fieret:

77 2884 205 2946 Vixdum
220 2879 371 2943 dimidium
387 2879 528 2950 dixeram,
542 2879 746 2954 intellexerat:

77 2961 258 3030 Gaudebat;
273 2979 318 3020 rne
333 2959 472 3018 laudabat
484 2981 492 3029 ς
515 2960 665 3037 quaerebat
678 2978 796 3032 senem

79 3045 135 3102 Dis
149 3043 257 3120 gratias
271 3040 386 3118 agebat,
402 3050 518 3118 tempus
533 3039 588 3098 sibi
602 3039 676 3108 dari,

77 3125 138 3184 Ubi
156 3121 298 3182 Phaedriae
313 3139 343 3178 se
357 3120 525 3179 ostenderet
539 3119 628 3178 nihilo
645 3119 742 3181 minus

75 3204 214 3282 Amicum
230 3221 304 3270 esse,
320 3199 407 3277 quam
422 3200 606 3278 Antiphoni:
629 3200 775 3282 bominem
789 3201 826 3260 ad
841 3202 935 3283 furum

74 3285 93 3344 J
98 3284 157 3342 ussi
172 3282 278 3360 operiri
291 3301 299 3350 ;
321 3280 357 3348 eo
369 3300 415 3339 me
428 3299 492 3340 esse
504 3279 702 3340 adducturum
718 3300 828 3342 senem.
843 3327 845 3332 ,
915 3351 918 3358 ι

75 3363 135 3424 Sed
151 3358 257 3424 eccum
274 3363 389 3438 ipsum:
413 3361 481 3438 qnia
495 3371 540 3418 est
552 3359 697 3420 ulteriori
711 3361 790 3420 atat!
811 3363 958 3427 Pbaedriae
1042 3380 1079 3432 10

76 3444 166 3504 Pater
181 3443 279 3503 venit:
301 3441 350 3500 sed
366 3439 437 3519 quid
452 3440 588 3516 pertimui
602 3451 711 3510 autern,
722 3441 840 3502 belluni
873 3449 875 3454 “

77 3529 127 3586 An
142 3524 223 3604 quia,
238 3542 316 3602 qnos
330 3520 438 3593 fallam,
452 3541 507 3600 pro
519 3540 578 3586 uno
591 3520 651 3580 duo
661 3531 726 3602 sunt
738 3522 902 3583 miltidatil
