<?xml version="1.0" encoding="UTF-8"?>
<!DOCTYPE html PUBLIC "-//W3C//DTD XHTML 1.0 Transitional//EN"
    "http://www.w3.org/TR/xhtml1/DTD/xhtml1-transitional.dtd">
<html xmlns="http://www.w3.org/1999/xhtml" xml:lang="en" lang="en">
 <head>
  <title>
</title>
<meta http-equiv="Content-Type" content="text/html;charset=utf-8" />
  <meta name='ocr-system' content='tesseract 3.04.00' />
  <meta name='ocr-capabilities' content='ocr_page ocr_carea ocr_par ocr_line ocrx_word'/>
</head>
<body>
  <div class='ocr_page' id='page_1' title='image "./publiiterentiia05teregoog_0143.png"; bbox 0 0 2404 4038; ppageno 0'>
   <div class='ocr_carea' id='block_1_1' title="bbox 122 309 727 380">
    <p class='ocr_par' dir='ltr' id='par_1_1' title="bbox 122 309 727 380">
     <span class='ocr_line' id='line_1_1' title="bbox 122 309 727 380; baseline -0.013 -3"><span class='ocrx_word' id='word_1_1' title='bbox 122 309 179 380; x_wconf 72' lang='lat'>126</span> <span class='ocrx_word' id='word_1_2' title='bbox 526 309 727 376; x_wconf 58' lang='lat' dir='ltr'>annectit:</span> 
     </span>
    </p>
   </div>
   <div class='ocr_carea' id='block_1_2' title="bbox 45 465 1135 3662">
    <p class='ocr_par' dir='ltr' id='par_1_2' title="bbox 120 465 906 550">
     <span class='ocr_line' id='line_1_2' title="bbox 120 465 906 550; baseline -0.005 -19"><span class='ocrx_word' id='word_1_3' title='bbox 120 471 175 532; x_wconf 86' lang='lat' dir='ltr'>Rei</span> <span class='ocrx_word' id='word_1_4' title='bbox 188 469 259 530; x_wconf 85' lang='lat' dir='ltr'>dare</span> <span class='ocrx_word' id='word_1_5' title='bbox 273 487 404 549; x_wconf 82' lang='lat' dir='ltr'>operam,</span> <span class='ocrx_word' id='word_1_6' title='bbox 417 469 477 530; x_wconf 87' lang='lat' dir='ltr'>turi</span> <span class='ocrx_word' id='word_1_7' title='bbox 489 490 556 531; x_wconf 84' lang='lat' dir='ltr'>esse</span> <span class='ocrx_word' id='word_1_8' title='bbox 569 465 689 550; x_wconf 78' lang='lat' dir='ltr'>parcum</span> <span class='ocrx_word' id='word_1_9' title='bbox 704 489 744 530; x_wconf 88' lang='lat' dir='ltr'>ac</span> <span class='ocrx_word' id='word_1_10' title='bbox 753 467 906 529; x_wconf 68' lang='lat' dir='ltr'>sobrium?</span> 
     </span>
    </p>

    <p class='ocr_par' dir='ltr' id='par_1_3' title="bbox 121 549 1001 629">
     <span class='ocr_line' id='line_1_3' title="bbox 121 549 1001 629; baseline -0.001 -18"><span class='ocrx_word' id='word_1_11' title='bbox 121 553 248 612; x_wconf 81' lang='lat' dir='ltr'>Nullum·</span> <span class='ocrx_word' id='word_1_12' title='bbox 260 551 348 626; x_wconf 82' lang='lat' dir='ltr'>hujus</span> <span class='ocrx_word' id='word_1_13' title='bbox 363 551 453 608; x_wconf 89' lang='lat' dir='ltr'>simile</span> <span class='ocrx_word' id='word_1_14' title='bbox 469 551 591 621; x_wconf 78' lang='lat' dir='ltr'>iactum.</span> <span class='ocrx_word' id='word_1_15' title='bbox 635 553 715 612; x_wconf 68' lang='lat' dir='ltr'>Haeo,</span> <span class='ocrx_word' id='word_1_16' title='bbox 726 550 817 629; x_wconf 76' lang='lat' dir='ltr'>quum</span> <span class='ocrx_word' id='word_1_17' title='bbox 831 550 884 622; x_wconf 86' lang='lat' dir='ltr'>illi,</span> <span class='ocrx_word' id='word_1_18' title='bbox 900 549 1001 622; x_wconf 87' lang='lat' dir='ltr'>Micio,</span> 
     </span>
    </p>

    <p class='ocr_par' dir='ltr' id='par_1_4' title="bbox 122 630 819 708">
     <span class='ocr_line' id='line_1_4' title="bbox 122 630 819 708; baseline -0.007 -17"><span class='ocrx_word' id='word_1_19' title='bbox 122 633 211 703; x_wconf 87' lang='lat' dir='ltr'>Dico,</span> <span class='ocrx_word' id='word_1_20' title='bbox 226 631 281 690; x_wconf 89' lang='lat' dir='ltr'>tibi</span> <span class='ocrx_word' id='word_1_21' title='bbox 293 630 379 690; x_wconf 85' lang='lat' dir='ltr'>dico:</span> <span class='ocrx_word' id='word_1_22' title='bbox 401 639 432 688; x_wconf 90' lang='lat' dir='ltr'>tu</span> <span class='ocrx_word' id='word_1_23' title='bbox 447 631 529 692; x_wconf 82' lang='lat' dir='ltr'>iilum</span> <span class='ocrx_word' id='word_1_24' title='bbox 544 631 784 708; x_wconf 85' lang='lat' dir='ltr'>corrumpisiuis.</span> <span class='ocrx_word' id='word_1_25' title='bbox 818 683 819 686; x_wconf 74' lang='grc'>,</span> 
     </span>
    </p>

    <p class='ocr_par' dir='ltr' id='par_1_5' title="bbox 123 710 1001 790">
     <span class='ocr_line' id='line_1_5' title="bbox 123 710 1001 790; baseline -0.001 -19"><span class='ocrx_word' id='word_1_26' title='bbox 123 713 186 773; x_wconf 79' lang='lat' dir='ltr'>Mi.</span> <span class='ocrx_word' id='word_1_27' title='bbox 210 710 335 770; x_wconf 85' lang='lat' dir='ltr'>Homine</span> <span class='ocrx_word' id='word_1_28' title='bbox 350 710 486 788; x_wconf 89' lang='lat' dir='ltr'>imperito</span> <span class='ocrx_word' id='word_1_29' title='bbox 501 725 660 788; x_wconf 82' lang='lat' dir='ltr'><strong>numquam</strong></span> <span class='ocrx_word' id='word_1_30' title='bbox 675 711 838 790; x_wconf 88' lang='lat' dir='ltr'>quidquam</span> <span class='ocrx_word' id='word_1_31' title='bbox 846 711 1001 788; x_wconf 82' lang='lat' dir='ltr'>injustius,</span> 
     </span>
    </p>

    <p class='ocr_par' dir='ltr' id='par_1_6' title="bbox 123 789 880 872">
     <span class='ocr_line' id='line_1_6' title="bbox 123 789 880 872; baseline -0.001 -22"><span class='ocrx_word' id='word_1_32' title='bbox 123 791 264 872; x_wconf 67' lang='lat' dir='ltr'>Qutpist</span> <span class='ocrx_word' id='word_1_33' title='bbox 278 789 358 868; x_wconf 89' lang='lat' dir='ltr'>quod</span> <span class='ocrx_word' id='word_1_34' title='bbox 374 794 436 867; x_wconf 86' lang='lat' dir='ltr'>ipsc</span> <span class='ocrx_word' id='word_1_35' title='bbox 451 792 534 863; x_wconf 86' lang='lat' dir='ltr'>fecit,</span> <span class='ocrx_word' id='word_1_36' title='bbox 552 793 623 851; x_wconf 86' lang='lat' dir='ltr'>nihil</span> <span class='ocrx_word' id='word_1_37' title='bbox 636 801 749 850; x_wconf 86' lang='lat' dir='ltr'>rectum</span> <span class='ocrx_word' id='word_1_38' title='bbox 765 801 860 869; x_wconf 87' lang='lat' dir='ltr'>putat.</span> <span class='ocrx_word' id='word_1_39' title='bbox 874 841 880 860; x_wconf 78' lang='grc'><strong>,</strong></span> 
     </span>
    </p>

    <p class='ocr_par' dir='ltr' id='par_1_7' title="bbox 125 869 1122 1010">
     <span class='ocr_line' id='line_1_7' title="bbox 125 869 1122 946; baseline -0.004 -14"><span class='ocrx_word' id='word_1_40' title='bbox 125 872 184 933; x_wconf 84' lang='lat' dir='ltr'>Dc.</span> <span class='ocrx_word' id='word_1_41' title='bbox 205 872 355 940; x_wconf 86' lang='lat' dir='ltr'><strong>Quorsum</strong></span> <span class='ocrx_word' id='word_1_42' title='bbox 369 871 468 931; x_wconf 78' lang='lat' dir='ltr'>istuct</span> <span class='ocrx_word' id='word_1_43' title='bbox 509 872 570 932; x_wconf 81' lang='lat' dir='ltr'>Mr.</span> <span class='ocrx_word' id='word_1_44' title='bbox 596 871 674 940; x_wconf 86' lang='lat' dir='ltr'>Quia</span> <span class='ocrx_word' id='word_1_45' title='bbox 691 880 733 943; x_wconf 88' lang='lat' dir='ltr'>tu,</span> <span class='ocrx_word' id='word_1_46' title='bbox 759 871 882 944; x_wconf 85' lang='lat' dir='ltr'>Demea,</span> <span class='ocrx_word' id='word_1_47' title='bbox 905 872 970 932; x_wconf 79' lang='lat' dir='ltr'>haec</span> <span class='ocrx_word' id='word_1_48' title='bbox 986 869 1062 931; x_wconf 68' lang='lat' dir='ltr'>mala</span> <span class='ocrx_word' id='word_1_49' title='bbox 1072 869 1122 946; x_wconf 87' lang='lat' dir='ltr'>ju-</span> 
     </span>
     <span class='ocr_line' id='line_1_8' title="bbox 244 951 1122 1010; baseline 0 -1"><span class='ocrx_word' id='word_1_50' title='bbox 244 951 334 1010; x_wconf 87' lang='lat' dir='ltr'>dicas.</span> <span class='ocrx_word' id='word_1_51' title='bbox 1085 957 1122 1010; x_wconf 79' lang='lat'>20</span> 
     </span>
    </p>

    <p class='ocr_par' dir='ltr' id='par_1_8' title="bbox 124 1028 911 1108">
     <span class='ocr_line' id='line_1_9' title="bbox 124 1028 911 1108; baseline 0 -20"><span class='ocrx_word' id='word_1_52' title='bbox 124 1028 192 1088; x_wconf 88' lang='lat' dir='ltr'>Non</span> <span class='ocrx_word' id='word_1_53' title='bbox 207 1039 252 1088; x_wconf 87' lang='lat' dir='ltr'>est</span> <span class='ocrx_word' id='word_1_54' title='bbox 265 1029 416 1108; x_wconf 84' lang='lat' dir='ltr'>flagitium,</span> <span class='ocrx_word' id='word_1_55' title='bbox 433 1029 503 1090; x_wconf 91' lang='lat' dir='ltr'>mihi</span> <span class='ocrx_word' id='word_1_56' title='bbox 517 1030 617 1101; x_wconf 84' lang='lat' dir='ltr'>crede,</span> <span class='ocrx_word' id='word_1_57' title='bbox 632 1029 883 1098; x_wconf 87' lang='lat' dir='ltr'>adolescentulum</span> <span class='ocrx_word' id='word_1_58' title='bbox 907 1069 911 1088; x_wconf 67' lang='lat'>2</span> 
     </span>
    </p>

    <p class='ocr_par' dir='ltr' id='par_1_9' title="bbox 123 1111 914 1189">
     <span class='ocr_line' id='line_1_10' title="bbox 123 1111 914 1189; baseline -0.003 -21"><span class='ocrx_word' id='word_1_59' title='bbox 123 1111 263 1181; x_wconf 81' lang='lat' dir='ltr'>Scortari,</span> <span class='ocrx_word' id='word_1_60' title='bbox 278 1130 374 1189; x_wconf 86' lang='lat' dir='ltr'>neque</span> <span class='ocrx_word' id='word_1_61' title='bbox 389 1120 512 1188; x_wconf 85' lang='lat' dir='ltr'>potare;</span> <span class='ocrx_word' id='word_1_62' title='bbox 534 1131 592 1171; x_wconf 92' lang='lat' dir='ltr'>non</span> <span class='ocrx_word' id='word_1_63' title='bbox 607 1119 651 1171; x_wconf 89' lang='lat' dir='ltr'>est</span> <span class='ocrx_word' id='word_1_64' title='bbox 663 1130 682 1179; x_wconf 53' lang='lat'>;¹=</span> <span class='ocrx_word' id='word_1_65' title='bbox 696 1131 792 1188; x_wconf 88' lang='lat' dir='ltr'>neque</span> <span class='ocrx_word' id='word_1_66' title='bbox 807 1111 883 1170; x_wconf 84' lang='lat' dir='ltr'>fores</span> <span class='ocrx_word' id='word_1_67' title='bbox 910 1159 914 1166; x_wconf 87' lang='lat'><em>.</em></span> 
     </span>
    </p>

    <p class='ocr_par' dir='ltr' id='par_1_10' title="bbox 124 1187 976 1270">
     <span class='ocr_line' id='line_1_11' title="bbox 124 1187 976 1270; baseline 0.004 -23"><span class='ocrx_word' id='word_1_68' title='bbox 124 1187 295 1266; x_wconf 85' lang='lat' dir='ltr'>Effringere.</span> <span class='ocrx_word' id='word_1_69' title='bbox 339 1193 412 1250; x_wconf 88' lang='lat' dir='ltr'>Haec</span> <span class='ocrx_word' id='word_1_70' title='bbox 428 1191 450 1249; x_wconf 92' lang='lat' dir='ltr'>si</span> <span class='ocrx_word' id='word_1_71' title='bbox 467 1211 560 1268; x_wconf 88' lang='lat' dir='ltr'>neque</span> <span class='ocrx_word' id='word_1_72' title='bbox 575 1211 639 1270; x_wconf 77' lang='lat' dir='ltr'>ego,</span> <span class='ocrx_word' id='word_1_73' title='bbox 654 1210 749 1270; x_wconf 90' lang='lat' dir='ltr'>neque</span> <span class='ocrx_word' id='word_1_74' title='bbox 764 1201 807 1261; x_wconf 89' lang='lat' dir='ltr'>tu,</span> <span class='ocrx_word' id='word_1_75' title='bbox 827 1191 976 1268; x_wconf 54' lang='lat' dir='ltr'>fecimus„</span> 
     </span>
    </p>

    <p class='ocr_par' dir='ltr' id='par_1_11' title="bbox 124 1269 875 1347">
     <span class='ocr_line' id='line_1_12' title="bbox 124 1269 875 1347; baseline 0.005 -21"><span class='ocrx_word' id='word_1_76' title='bbox 124 1269 193 1326; x_wconf 88' lang='lat' dir='ltr'>Nou</span> <span class='ocrx_word' id='word_1_77' title='bbox 208 1269 274 1329; x_wconf 83' lang='lat' dir='ltr'>sivit</span> <span class='ocrx_word' id='word_1_78' title='bbox 288 1280 402 1347; x_wconf 80' lang='lat' dir='ltr'><strong>egestas</strong></span> <span class='ocrx_word' id='word_1_79' title='bbox 417 1271 513 1330; x_wconf 83' lang='lat' dir='ltr'>succro</span> <span class='ocrx_word' id='word_1_80' title='bbox 527 1291 591 1331; x_wconf 86' lang='lat' dir='ltr'>nos.</span> <span class='ocrx_word' id='word_1_81' title='bbox 631 1269 678 1330; x_wconf 91' lang='lat' dir='ltr'>Tu</span> <span class='ocrx_word' id='word_1_82' title='bbox 693 1290 772 1330; x_wconf 89' lang='lat' dir='ltr'>nuuc</span> <span class='ocrx_word' id='word_1_83' title='bbox 787 1271 842 1330; x_wconf 90' lang='lat' dir='ltr'>tibi</span> <span class='ocrx_word' id='word_1_84' title='bbox 867 1311 875 1330; x_wconf 52' lang='lat'><em>2</em></span> 
     </span>
    </p>

    <p class='ocr_par' dir='ltr' id='par_1_12' title="bbox 124 1347 860 1429">
     <span class='ocr_line' id='line_1_13' title="bbox 124 1347 860 1429; baseline 0.005 -23"><span class='ocrx_word' id='word_1_85' title='bbox 124 1347 159 1407; x_wconf 90' lang='lat' dir='ltr'>Id</span> <span class='ocrx_word' id='word_1_86' title='bbox 175 1349 254 1408; x_wconf 85' lang='lat' dir='ltr'>laudi</span> <span class='ocrx_word' id='word_1_87' title='bbox 267 1351 360 1420; x_wconf 89' lang='lat' dir='ltr'>ducis,</span> <span class='ocrx_word' id='word_1_88' title='bbox 377 1351 455 1428; x_wconf 90' lang='lat' dir='ltr'>quod</span> <span class='ocrx_word' id='word_1_89' title='bbox 473 1362 534 1412; x_wconf 89' lang='lat' dir='ltr'>tum</span> <span class='ocrx_word' id='word_1_90' title='bbox 548 1351 644 1412; x_wconf 81' lang='lat' dir='ltr'>fecisti</span> <span class='ocrx_word' id='word_1_91' title='bbox 658 1351 777 1429; x_wconf 80' lang='lat' dir='ltr'>inoptar</span> <span class='ocrx_word' id='word_1_92' title='bbox 852 1393 860 1410; x_wconf 91' lang='lat'><em>.</em></span> 
     </span>
    </p>

    <p class='ocr_par' dir='ltr' id='par_1_13' title="bbox 125 1429 822 1506">
     <span class='ocr_line' id='line_1_14' title="bbox 125 1429 822 1506; baseline 0.001 -19"><span class='ocrx_word' id='word_1_93' title='bbox 125 1429 267 1506; x_wconf 88' lang='lat' dir='ltr'>lnjurium</span> <span class='ocrx_word' id='word_1_94' title='bbox 283 1441 345 1499; x_wconf 89' lang='lat' dir='ltr'>est;</span> <span class='ocrx_word' id='word_1_95' title='bbox 370 1451 434 1490; x_wconf 86' lang='lat' dir='ltr'>nam</span> <span class='ocrx_word' id='word_1_96' title='bbox 451 1432 474 1492; x_wconf 88' lang='lat' dir='ltr'>si</span> <span class='ocrx_word' id='word_1_97' title='bbox 488 1442 573 1502; x_wconf 85' lang='lat' dir='ltr'>esset,</span> <span class='ocrx_word' id='word_1_98' title='bbox 590 1431 667 1490; x_wconf 88' lang='lat' dir='ltr'>uude</span> <span class='ocrx_word' id='word_1_99' title='bbox 683 1431 712 1490; x_wconf 92' lang='lat' dir='ltr'>id</span> <span class='ocrx_word' id='word_1_100' title='bbox 727 1430 822 1502; x_wconf 84' lang='lat' dir='ltr'>fieret,</span> 
     </span>
    </p>

    <p class='ocr_par' dir='ltr' id='par_1_14' title="bbox 69 1509 861 1586">
     <span class='ocr_line' id='line_1_15' title="bbox 69 1509 861 1586; baseline 0.001 -19"><span class='ocrx_word' id='word_1_101' title='bbox 69 1581 71 1586; x_wconf 23' lang='grc' dir='ltr'>Ι</span> <span class='ocrx_word' id='word_1_102' title='bbox 126 1509 317 1570; x_wconf 71' lang='lat' dir='ltr'>faceremus:</span> <span class='ocrx_word' id='word_1_103' title='bbox 340 1513 422 1570; x_wconf 78' lang='lat' dir='ltr'>etto</span> <span class='ocrx_word' id='word_1_104' title='bbox 430 1513 509 1572; x_wconf 89' lang='lat' dir='ltr'>illum</span> <span class='ocrx_word' id='word_1_105' title='bbox 526 1511 659 1582; x_wconf 77' lang='lat' dir='ltr'>tuum„si</span> <span class='ocrx_word' id='word_1_106' title='bbox 670 1531 745 1570; x_wconf 85' lang='lat' dir='ltr'>ceses</span> <span class='ocrx_word' id='word_1_107' title='bbox 761 1511 861 1580; x_wconf 91' lang='lat' dir='ltr'>homo,</span> 
     </span>
    </p>

    <p class='ocr_par' dir='ltr' id='par_1_15' title="bbox 126 1590 822 1668">
     <span class='ocr_line' id='line_1_16' title="bbox 126 1590 822 1668; baseline 0 -20"><span class='ocrx_word' id='word_1_108' title='bbox 126 1590 240 1650; x_wconf 78' lang='lat' dir='ltr'>Sineres</span> <span class='ocrx_word' id='word_1_109' title='bbox 253 1611 328 1649; x_wconf 90' lang='lat' dir='ltr'>nuuc</span> <span class='ocrx_word' id='word_1_110' title='bbox 343 1591 448 1661; x_wconf 81' lang='lat' dir='ltr'>facere,</span> <span class='ocrx_word' id='word_1_111' title='bbox 464 1593 533 1649; x_wconf 91' lang='lat' dir='ltr'>dum</span> <span class='ocrx_word' id='word_1_112' title='bbox 547 1611 598 1668; x_wconf 90' lang='lat' dir='ltr'>per</span> <span class='ocrx_word' id='word_1_113' title='bbox 612 1600 727 1648; x_wconf 82' lang='lat' dir='ltr'>aetatem</span> <span class='ocrx_word' id='word_1_114' title='bbox 743 1590 822 1661; x_wconf 87' lang='lat' dir='ltr'>licet,</span> 
     </span>
    </p>

    <p class='ocr_par' dir='ltr' id='par_1_16' title="bbox 126 1667 919 1746">
     <span class='ocr_line' id='line_1_17' title="bbox 126 1667 919 1746; baseline 0.003 -20"><span class='ocrx_word' id='word_1_115' title='bbox 126 1668 227 1728; x_wconf 79' lang='lat' dir='ltr'>Potius</span> <span class='ocrx_word' id='word_1_116' title='bbox 242 1670 341 1746; x_wconf 74' lang='lat' dir='ltr'>quam,</span> <span class='ocrx_word' id='word_1_117' title='bbox 357 1670 407 1726; x_wconf 91' lang='lat' dir='ltr'>ubi</span> <span class='ocrx_word' id='word_1_118' title='bbox 423 1681 451 1728; x_wconf 91' lang='lat' dir='ltr'>te</span> <span class='ocrx_word' id='word_1_119' title='bbox 465 1678 667 1746; x_wconf 84' lang='lat' dir='ltr'>exspectatum</span> <span class='ocrx_word' id='word_1_120' title='bbox 682 1669 817 1746; x_wconf 84' lang='lat' dir='ltr'>ejecisset</span> <span class='ocrx_word' id='word_1_121' title='bbox 831 1667 919 1742; x_wconf 86' lang='lat' dir='ltr'>foras,</span> 
     </span>
    </p>

    <p class='ocr_par' dir='ltr' id='par_1_17' title="bbox 125 1749 1128 1826">
     <span class='ocr_line' id='line_1_18' title="bbox 125 1749 1128 1826; baseline 0.004 -21"><span class='ocrx_word' id='word_1_122' title='bbox 125 1749 272 1807; x_wconf 83' lang='lat' dir='ltr'>Alieniore</span> <span class='ocrx_word' id='word_1_123' title='bbox 287 1758 382 1818; x_wconf 85' lang='lat' dir='ltr'>aetate,</span> <span class='ocrx_word' id='word_1_124' title='bbox 396 1761 465 1826; x_wconf 89' lang='lat' dir='ltr'>post</span> <span class='ocrx_word' id='word_1_125' title='bbox 479 1749 589 1808; x_wconf 85' lang='lat' dir='ltr'>faceret</span> <span class='ocrx_word' id='word_1_126' title='bbox 603 1759 710 1809; x_wconf 85' lang='lat' dir='ltr'>tamen.</span> <span class='ocrx_word' id='word_1_127' title='bbox 1089 1756 1128 1810; x_wconf 77' lang='lat'>30</span> 
     </span>
    </p>

    <p class='ocr_par' dir='ltr' id='par_1_18' title="bbox 128 1826 952 1907">
     <span class='ocr_line' id='line_1_19' title="bbox 128 1826 952 1907; baseline 0.005 -23"><span class='ocrx_word' id='word_1_128' title='bbox 128 1828 187 1886; x_wconf 84' lang='lat' dir='ltr'>De.</span> <span class='ocrx_word' id='word_1_129' title='bbox 208 1826 415 1904; x_wconf 72' lang='lat' dir='ltr'>Promptum</span> <span class='ocrx_word' id='word_1_130' title='bbox 437 1839 468 1888; x_wconf 93' lang='lat' dir='ltr'>tu</span> <span class='ocrx_word' id='word_1_131' title='bbox 485 1833 572 1888; x_wconf 90' lang='lat' dir='ltr'>homo</span> <span class='ocrx_word' id='word_1_132' title='bbox 587 1830 679 1907; x_wconf 78' lang='lat' dir='ltr'>adigis</span> <span class='ocrx_word' id='word_1_133' title='bbox 690 1849 735 1888; x_wconf 89' lang='lat' dir='ltr'>me</span> <span class='ocrx_word' id='word_1_134' title='bbox 750 1831 786 1888; x_wconf 90' lang='lat' dir='ltr'>ad</span> <span class='ocrx_word' id='word_1_135' title='bbox 804 1829 952 1888; x_wconf 81' lang='lat' dir='ltr'>insaniam.</span> 
     </span>
    </p>

    <p class='ocr_par' dir='ltr' id='par_1_19' title="bbox 93 1905 1087 1984">
     <span class='ocr_line' id='line_1_20' title="bbox 93 1905 1087 1984; baseline 0.004 -20"><span class='ocrx_word' id='word_1_136' title='bbox 93 1923 95 1927; x_wconf 86' lang='lat'>·</span> <span class='ocrx_word' id='word_1_137' title='bbox 126 1907 195 1964; x_wconf 93' lang='lat' dir='ltr'>Non</span> <span class='ocrx_word' id='word_1_138' title='bbox 210 1905 254 1966; x_wconf 70' lang='lat' dir='ltr'>s¹st</span> <span class='ocrx_word' id='word_1_139' title='bbox 267 1907 420 1984; x_wconf 83' lang='lat' dir='ltr'>flagitium,</span> <span class='ocrx_word' id='word_1_140' title='bbox 433 1909 529 1972; x_wconf 87' lang='lat' dir='ltr'>facere</span> <span class='ocrx_word' id='word_1_141' title='bbox 542 1910 605 1970; x_wconf 85' lang='lat' dir='ltr'>haec</span> <span class='ocrx_word' id='word_1_142' title='bbox 620 1909 893 1970; x_wconf 66' lang='lat' dir='ltr'>adolescentulum?</span> <span class='ocrx_word' id='word_1_143' title='bbox 936 1909 998 1970; x_wconf 80' lang='lat' dir='ltr'>Mt.</span> <span class='ocrx_word' id='word_1_144' title='bbox 1020 1911 1087 1968; x_wconf 80' lang='lat' dir='ltr'>Aht</span> 
     </span>
    </p>

    <p class='ocr_par' dir='ltr' id='par_1_20' title="bbox 126 1987 891 2068">
     <span class='ocr_line' id='line_1_21' title="bbox 126 1987 891 2068; baseline 0.007 -25"><span class='ocrx_word' id='word_1_145' title='bbox 126 1987 287 2046; x_wconf 83' lang='lat' dir='ltr'>Ausculta:</span> <span class='ocrx_word' id='word_1_146' title='bbox 309 2007 345 2047; x_wconf 89' lang='lat' dir='ltr'>nc</span> <span class='ocrx_word' id='word_1_147' title='bbox 360 2009 406 2048; x_wconf 86' lang='lat' dir='ltr'>me</span> <span class='ocrx_word' id='word_1_148' title='bbox 420 1991 566 2049; x_wconf 82' lang='lat' dir='ltr'>obtundas</span> <span class='ocrx_word' id='word_1_149' title='bbox 579 1991 616 2050; x_wconf 91' lang='lat' dir='ltr'>de</span> <span class='ocrx_word' id='word_1_150' title='bbox 632 1991 686 2050; x_wconf 87' lang='lat' dir='ltr'>hac</span> <span class='ocrx_word' id='word_1_151' title='bbox 703 2011 732 2049; x_wconf 89' lang='lat' dir='ltr'>re</span> <span class='ocrx_word' id='word_1_152' title='bbox 746 1989 867 2068; x_wconf 82' lang='lat' dir='ltr'>soapihs.</span> <span class='ocrx_word' id='word_1_153' title='bbox 888 2041 891 2048; x_wconf 28' lang='lat' dir='ltr'>r</span> 
     </span>
    </p>

    <p class='ocr_par' dir='ltr' id='par_1_21' title="bbox 126 2065 775 2148">
     <span class='ocr_line' id='line_1_22' title="bbox 126 2065 775 2148; baseline 0.006 -24"><span class='ocrx_word' id='word_1_154' title='bbox 126 2066 221 2126; x_wconf 83' lang='lat' dir='ltr'>Tuum</span> <span class='ocrx_word' id='word_1_155' title='bbox 236 2065 326 2126; x_wconf 79' lang='lat' dir='ltr'>fitium</span> <span class='ocrx_word' id='word_1_156' title='bbox 342 2069 450 2130; x_wconf 86' lang='lat' dir='ltr'>dedisti</span> <span class='ocrx_word' id='word_1_157' title='bbox 466 2069 671 2148; x_wconf 84' lang='lat' dir='ltr'>adoptandum</span> <span class='ocrx_word' id='word_1_158' title='bbox 688 2070 775 2128; x_wconf 89' lang='lat' dir='ltr'>mihi:</span> 
     </span>
    </p>

    <p class='ocr_par' dir='ltr' id='par_1_22' title="bbox 127 2147 841 2228">
     <span class='ocr_line' id='line_1_23' title="bbox 127 2147 841 2228; baseline 0.004 -24"><span class='ocrx_word' id='word_1_159' title='bbox 127 2147 156 2204; x_wconf 75' lang='lat' dir='ltr'>l&#39;s</span> <span class='ocrx_word' id='word_1_160' title='bbox 171 2167 251 2206; x_wconf 88' lang='lat' dir='ltr'>meus</span> <span class='ocrx_word' id='word_1_161' title='bbox 265 2159 309 2207; x_wconf 91' lang='lat' dir='ltr'>est</span> <span class='ocrx_word' id='word_1_162' title='bbox 324 2149 437 2208; x_wconf 86' lang='lat' dir='ltr'>factus:</span> <span class='ocrx_word' id='word_1_163' title='bbox 461 2151 484 2208; x_wconf 89' lang='lat' dir='ltr'>si</span> <span class='ocrx_word' id='word_1_164' title='bbox 501 2150 571 2228; x_wconf 89' lang='lat' dir='ltr'>quid</span> <span class='ocrx_word' id='word_1_165' title='bbox 589 2158 703 2227; x_wconf 87' lang='lat' dir='ltr'>peccat,</span> <span class='ocrx_word' id='word_1_166' title='bbox 721 2151 841 2220; x_wconf 86' lang='lat' dir='ltr'>Demea,</span> 
     </span>
    </p>

    <p class='ocr_par' dir='ltr' id='par_1_23' title="bbox 128 2227 900 2308">
     <span class='ocr_line' id='line_1_24' title="bbox 128 2227 900 2308; baseline 0.003 -23"><span class='ocrx_word' id='word_1_167' title='bbox 128 2227 203 2286; x_wconf 86' lang='lat' dir='ltr'>Mihi</span> <span class='ocrx_word' id='word_1_168' title='bbox 217 2239 341 2306; x_wconf 87' lang='lat' dir='ltr'>peccat:</span> <span class='ocrx_word' id='word_1_169' title='bbox 364 2249 418 2308; x_wconf 83' lang='lat' dir='ltr'>ego</span> <span class='ocrx_word' id='word_1_170' title='bbox 433 2230 474 2288; x_wconf 84' lang='lat' dir='ltr'>illi</span> <span class='ocrx_word' id='word_1_171' title='bbox 491 2249 653 2288; x_wconf 70' lang='lat' dir='ltr'>maxumam</span> <span class='ocrx_word' id='word_1_172' title='bbox 670 2240 783 2308; x_wconf 88' lang='lat' dir='ltr'>partem</span> <span class='ocrx_word' id='word_1_173' title='bbox 799 2229 900 2288; x_wconf 82' lang='lat' dir='ltr'>feram.</span> 
     </span>
    </p>

    <p class='ocr_par' dir='ltr' id='par_1_24' title="bbox 128 2307 824 2388">
     <span class='ocr_line' id='line_1_25' title="bbox 128 2307 824 2388; baseline 0.004 -22"><span class='ocrx_word' id='word_1_174' title='bbox 128 2307 287 2372; x_wconf 73' lang='lat' dir='ltr'>Obsonatt</span> <span class='ocrx_word' id='word_1_175' title='bbox 308 2311 414 2386; x_wconf 72' lang='lat' dir='ltr'>potati</span> <span class='ocrx_word' id='word_1_176' title='bbox 436 2309 492 2370; x_wconf 86' lang='lat' dir='ltr'>olet</span> <span class='ocrx_word' id='word_1_177' title='bbox 507 2310 673 2388; x_wconf 74' lang='lat' dir='ltr'>unguentat</span> <span class='ocrx_word' id='word_1_178' title='bbox 696 2309 824 2370; x_wconf 85' lang='lat' dir='ltr'>demeo.</span> 
     </span>
    </p>

    <p class='ocr_par' dir='ltr' id='par_1_25' title="bbox 128 2387 1017 2468">
     <span class='ocr_line' id='line_1_26' title="bbox 128 2387 1017 2468; baseline 0.004 -24"><span class='ocrx_word' id='word_1_179' title='bbox 128 2389 242 2448; x_wconf 79' lang='lat' dir='ltr'>Amati</span> <span class='ocrx_word' id='word_1_180' title='bbox 264 2390 408 2448; x_wconf 81' lang='lat' dir='ltr'>debiturn</span> <span class='ocrx_word' id='word_1_181' title='bbox 427 2411 471 2450; x_wconf 92' lang='lat' dir='ltr'>me</span> <span class='ocrx_word' id='word_1_182' title='bbox 483 2402 645 2468; x_wconf 86' lang='lat' dir='ltr'>argentum,</span> <span class='ocrx_word' id='word_1_183' title='bbox 659 2389 727 2448; x_wconf 92' lang='lat' dir='ltr'>dum</span> <span class='ocrx_word' id='word_1_184' title='bbox 742 2390 796 2450; x_wconf 89' lang='lat' dir='ltr'>erit</span> <span class='ocrx_word' id='word_1_185' title='bbox 810 2387 1017 2449; x_wconf 81' lang='lat' dir='ltr'>commodum:</span> 
     </span>
    </p>

    <p class='ocr_par' dir='ltr' id='par_1_26' title="bbox 129 2467 760 2538">
     <span class='ocr_line' id='line_1_27' title="bbox 129 2467 760 2538; baseline 0.005 -13"><span class='ocrx_word' id='word_1_186' title='bbox 129 2467 188 2526; x_wconf 90' lang='lat' dir='ltr'>Ubi</span> <span class='ocrx_word' id='word_1_187' title='bbox 199 2487 256 2526; x_wconf 88' lang='lat' dir='ltr'>non</span> <span class='ocrx_word' id='word_1_188' title='bbox 270 2472 335 2538; x_wconf 88' lang='lat' dir='ltr'>erit,</span> <span class='ocrx_word' id='word_1_189' title='bbox 350 2469 473 2528; x_wconf 82' lang='lat' dir='ltr'>fortasse</span> <span class='ocrx_word' id='word_1_190' title='bbox 487 2470 659 2529; x_wconf 80' lang='lat' dir='ltr'>excludetur</span> <span class='ocrx_word' id='word_1_191' title='bbox 674 2469 760 2528; x_wconf 83' lang='lat' dir='ltr'>foras.</span> 
     </span>
    </p>

    <p class='ocr_par' dir='ltr' id='par_1_27' title="bbox 110 2545 1134 2624">
     <span class='ocr_line' id='line_1_28' title="bbox 110 2545 1134 2624; baseline 0.003 -21"><span class='ocrx_word' id='word_1_192' title='bbox 110 2547 111 2550; x_wconf 69' lang='grc'>’</span> <span class='ocrx_word' id='word_1_193' title='bbox 129 2545 218 2607; x_wconf 80' lang='lat' dir='ltr'>Fores</span> <span class='ocrx_word' id='word_1_194' title='bbox 234 2547 372 2624; x_wconf 67' lang='lat' dir='ltr'>effregit!</span> <span class='ocrx_word' id='word_1_195' title='bbox 393 2551 596 2608; x_wconf 86' lang='lat' dir='ltr'>restituentur:</span> <span class='ocrx_word' id='word_1_196' title='bbox 619 2549 737 2607; x_wconf 84' lang='lat' dir='ltr'>discidit</span> <span class='ocrx_word' id='word_1_197' title='bbox 1091 2555 1134 2606; x_wconf 77' lang='lat'>40</span> 
     </span>
    </p>

    <p class='ocr_par' dir='ltr' id='par_1_28' title="bbox 129 2625 769 2704">
     <span class='ocr_line' id='line_1_29' title="bbox 129 2625 769 2704; baseline 0.009 -24"><span class='ocrx_word' id='word_1_198' title='bbox 129 2625 272 2685; x_wconf 64' lang='lat' dir='ltr'>Vestem?</span> <span class='ocrx_word' id='word_1_199' title='bbox 293 2629 475 2687; x_wconf 75' lang='lat' dir='ltr'>resarciatur.</span> <span class='ocrx_word' id='word_1_200' title='bbox 517 2630 580 2695; x_wconf 89' lang='lat' dir='ltr'>Est,</span> <span class='ocrx_word' id='word_1_201' title='bbox 597 2627 653 2685; x_wconf 80' lang='lat' dir='ltr'>Drs</span> <span class='ocrx_word' id='word_1_202' title='bbox 667 2628 769 2704; x_wconf 83' lang='lat' dir='ltr'>gratia,</span> 
     </span>
    </p>

    <p class='ocr_par' dir='ltr' id='par_1_29' title="bbox 128 2704 891 2777">
     <span class='ocr_line' id='line_1_30' title="bbox 128 2704 891 2777; baseline 0.005 -15"><span class='ocrx_word' id='word_1_203' title='bbox 128 2704 168 2764; x_wconf 87' lang='lat' dir='ltr'>Et</span> <span class='ocrx_word' id='word_1_204' title='bbox 183 2705 260 2764; x_wconf 89' lang='lat' dir='ltr'>uude</span> <span class='ocrx_word' id='word_1_205' title='bbox 275 2706 337 2764; x_wconf 83' lang='lat' dir='ltr'>haec</span> <span class='ocrx_word' id='word_1_206' title='bbox 353 2707 433 2777; x_wconf 87' lang='lat' dir='ltr'>fiant,</span> <span class='ocrx_word' id='word_1_207' title='bbox 449 2715 479 2765; x_wconf 85' lang='lat' dir='ltr'>ct</span> <span class='ocrx_word' id='word_1_208' title='bbox 494 2707 591 2765; x_wconf 88' lang='lat' dir='ltr'>adhuc</span> <span class='ocrx_word' id='word_1_209' title='bbox 606 2727 663 2766; x_wconf 91' lang='lat' dir='ltr'>uon</span> <span class='ocrx_word' id='word_1_210' title='bbox 678 2707 798 2766; x_wconf 85' lang='lat' dir='ltr'>molesta</span> <span class='ocrx_word' id='word_1_211' title='bbox 813 2717 891 2767; x_wconf 87' lang='lat' dir='ltr'>sunt.</span> 
     </span>
    </p>

    <p class='ocr_par' dir='ltr' id='par_1_30' title="bbox 129 2785 1024 2864">
     <span class='ocr_line' id='line_1_31' title="bbox 129 2785 1024 2864; baseline 0.003 -21"><span class='ocrx_word' id='word_1_212' title='bbox 129 2785 294 2856; x_wconf 77' lang='lat' dir='ltr'>Postremo,</span> <span class='ocrx_word' id='word_1_213' title='bbox 309 2794 359 2844; x_wconf 89' lang='lat' dir='ltr'>aut</span> <span class='ocrx_word' id='word_1_214' title='bbox 373 2785 482 2858; x_wconf 85' lang='lat' dir='ltr'>desine,</span> <span class='ocrx_word' id='word_1_215' title='bbox 496 2796 548 2845; x_wconf 87' lang='lat' dir='ltr'>aut</span> <span class='ocrx_word' id='word_1_216' title='bbox 562 2786 638 2846; x_wconf 83' lang='lat' dir='ltr'>cedd</span> <span class='ocrx_word' id='word_1_217' title='bbox 653 2787 783 2864; x_wconf 86' lang='lat' dir='ltr'>quemvis</span> <span class='ocrx_word' id='word_1_218' title='bbox 798 2789 953 2847; x_wconf 88' lang='lat' dir='ltr'>arbitrum:</span> <span class='ocrx_word' id='word_1_219' title='bbox 1022 2848 1024 2852; x_wconf 75' lang='grc'><strong>,</strong></span> 
     </span>
    </p>

    <p class='ocr_par' dir='ltr' id='par_1_31' title="bbox 129 2865 1018 2946">
     <span class='ocr_line' id='line_1_32' title="bbox 129 2865 1018 2946; baseline -0.001 -22"><span class='ocrx_word' id='word_1_220' title='bbox 129 2865 176 2926; x_wconf 86' lang='lat' dir='ltr'>Te</span> <span class='ocrx_word' id='word_1_221' title='bbox 191 2866 273 2944; x_wconf 90' lang='lat' dir='ltr'>plura</span> <span class='ocrx_word' id='word_1_222' title='bbox 288 2867 316 2924; x_wconf 90' lang='lat' dir='ltr'>in</span> <span class='ocrx_word' id='word_1_223' title='bbox 329 2867 382 2926; x_wconf 85' lang='lat' dir='ltr'>hac</span> <span class='ocrx_word' id='word_1_224' title='bbox 396 2887 426 2926; x_wconf 89' lang='lat' dir='ltr'>re</span> <span class='ocrx_word' id='word_1_225' title='bbox 439 2887 563 2946; x_wconf 84' lang='lat' dir='ltr'>peccare</span> <span class='ocrx_word' id='word_1_226' title='bbox 575 2869 737 2927; x_wconf 86' lang='lat' dir='ltr'>ostendam.</span> <span class='ocrx_word' id='word_1_227' title='bbox 781 2868 839 2926; x_wconf 85' lang='lat' dir='ltr'>Da.</span> <span class='ocrx_word' id='word_1_228' title='bbox 862 2868 918 2926; x_wconf 83' lang='lat' dir='ltr'>Hei</span> <span class='ocrx_word' id='word_1_229' title='bbox 933 2865 1018 2924; x_wconf 82' lang='lat' dir='ltr'>mihi!</span> 
     </span>
    </p>

    <p class='ocr_par' dir='ltr' id='par_1_32' title="bbox 45 2944 813 3026">
     <span class='ocr_line' id='line_1_33' title="bbox 45 2944 813 3026; baseline 0 -21"><span class='ocrx_word' id='word_1_230' title='bbox 45 2944 48 2952; x_wconf 77' lang='grc'>’</span> <span class='ocrx_word' id='word_1_231' title='bbox 129 2946 215 3012; x_wconf 85' lang='lat' dir='ltr'>Pater</span> <span class='ocrx_word' id='word_1_232' title='bbox 229 2967 292 3007; x_wconf 89' lang='lat' dir='ltr'>esse</span> <span class='ocrx_word' id='word_1_233' title='bbox 307 2947 388 3007; x_wconf 88' lang='lat' dir='ltr'>disce</span> <span class='ocrx_word' id='word_1_234' title='bbox 403 2949 440 3006; x_wconf 88' lang='lat' dir='ltr'>ab</span> <span class='ocrx_word' id='word_1_235' title='bbox 453 2949 525 3019; x_wconf 84' lang='lat' dir='ltr'>aliis,</span> <span class='ocrx_word' id='word_1_236' title='bbox 540 2948 589 3026; x_wconf 90' lang='lat' dir='ltr'>qui</span> <span class='ocrx_word' id='word_1_237' title='bbox 605 2949 670 3007; x_wconf 73' lang='lat' dir='ltr'>vere</span> <span class='ocrx_word' id='word_1_238' title='bbox 686 2948 791 3006; x_wconf 87' lang='lat' dir='ltr'>sciunt.</span> <span class='ocrx_word' id='word_1_239' title='bbox 807 2981 813 2993; x_wconf 93' lang='lat'><em>·</em></span> 
     </span>
    </p>

    <p class='ocr_par' dir='ltr' id='par_1_33' title="bbox 131 3027 906 3106">
     <span class='ocr_line' id='line_1_34' title="bbox 131 3027 906 3106; baseline -0.003 -20"><span class='ocrx_word' id='word_1_240' title='bbox 131 3028 192 3086; x_wconf 79' lang='lat' dir='ltr'>Mt.</span> <span class='ocrx_word' id='word_1_241' title='bbox 214 3027 329 3087; x_wconf 81' lang='lat' dir='ltr'>Naturts</span> <span class='ocrx_word' id='word_1_242' title='bbox 343 3038 374 3087; x_wconf 90' lang='lat' dir='ltr'>tu</span> <span class='ocrx_word' id='word_1_243' title='bbox 389 3029 527 3106; x_wconf 83' lang='lat' dir='ltr'>itli&#39;pater</span> <span class='ocrx_word' id='word_1_244' title='bbox 540 3049 582 3100; x_wconf 88' lang='lat' dir='ltr'>es,</span> <span class='ocrx_word' id='word_1_245' title='bbox 599 3028 724 3087; x_wconf 80' lang='lat' dir='ltr'>consiliis</span> <span class='ocrx_word' id='word_1_246' title='bbox 739 3045 803 3104; x_wconf 84' lang='lat' dir='ltr'>ego.</span> <span class='ocrx_word' id='word_1_247' title='bbox 898 3043 906 3058; x_wconf 88' lang='lat'><strong>·</strong></span> 
     </span>
    </p>

    <p class='ocr_par' dir='ltr' id='par_1_34' title="bbox 131 3103 1113 3186">
     <span class='ocr_line' id='line_1_35' title="bbox 131 3103 1113 3186; baseline -0.002 -22"><span class='ocrx_word' id='word_1_248' title='bbox 131 3107 191 3165; x_wconf 85' lang='lat' dir='ltr'>Dc.</span> <span class='ocrx_word' id='word_1_249' title='bbox 212 3106 289 3165; x_wconf 87' lang='lat' dir='ltr'>Tun’</span> <span class='ocrx_word' id='word_1_250' title='bbox 303 3109 432 3167; x_wconf 87' lang='lat' dir='ltr'>consulis</span> <span class='ocrx_word' id='word_1_251' title='bbox 446 3110 629 3186; x_wconf 76' lang='lat' dir='ltr'>quidquamt</span> <span class='ocrx_word' id='word_1_252' title='bbox 671 3109 731 3166; x_wconf 80' lang='lat' dir='ltr'>Mi.</span> <span class='ocrx_word' id='word_1_253' title='bbox 752 3107 819 3166; x_wconf 81' lang='lat' dir='ltr'>Aht</span> <span class='ocrx_word' id='word_1_254' title='bbox 841 3105 863 3164; x_wconf 91' lang='lat' dir='ltr'>si</span> <span class='ocrx_word' id='word_1_255' title='bbox 879 3105 982 3183; x_wconf 84' lang='lat' dir='ltr'>pergis,</span> <span class='ocrx_word' id='word_1_256' title='bbox 996 3103 1113 3164; x_wconf 89' lang='lat' dir='ltr'>abiero.</span> 
     </span>
    </p>

    <p class='ocr_par' dir='ltr' id='par_1_35' title="bbox 131 3183 1133 3265">
     <span class='ocr_line' id='line_1_36' title="bbox 131 3183 1133 3265; baseline -0.005 -21"><span class='ocrx_word' id='word_1_257' title='bbox 131 3186 190 3245; x_wconf 75' lang='lat' dir='ltr'>De.</span> <span class='ocrx_word' id='word_1_258' title='bbox 213 3187 327 3246; x_wconf 86' lang='lat' dir='ltr'>Siccine</span> <span class='ocrx_word' id='word_1_259' title='bbox 342 3189 424 3263; x_wconf 74' lang='lat' dir='ltr'>ogisi</span> <span class='ocrx_word' id='word_1_260' title='bbox 459 3189 521 3248; x_wconf 82' lang='lat' dir='ltr'>Mi.</span> <span class='ocrx_word' id='word_1_261' title='bbox 536 3193 587 3246; x_wconf 76' lang='grc' dir='ltr'>Ἀιι</span> <span class='ocrx_word' id='word_1_262' title='bbox 602 3207 658 3265; x_wconf 88' lang='lat' dir='ltr'>ego</span> <span class='ocrx_word' id='word_1_263' title='bbox 670 3187 757 3245; x_wconf 89' lang='lat' dir='ltr'>toties</span> <span class='ocrx_word' id='word_1_264' title='bbox 773 3185 809 3243; x_wconf 91' lang='lat' dir='ltr'>de</span> <span class='ocrx_word' id='word_1_265' title='bbox 824 3185 927 3244; x_wconf 75' lang='lat' dir='ltr'>eddom</span> <span class='ocrx_word' id='word_1_266' title='bbox 941 3205 971 3244; x_wconf 89' lang='lat' dir='ltr'>re</span> <span class='ocrx_word' id='word_1_267' title='bbox 985 3183 1133 3244; x_wconf 61' lang='lat' dir='ltr'>audiam?</span> 
     </span>
    </p>

    <p class='ocr_par' dir='ltr' id='par_1_36' title="bbox 66 3265 1134 3337">
     <span class='ocr_line' id='line_1_37' title="bbox 66 3265 1134 3337; baseline -0.004 -13"><span class='ocrx_word' id='word_1_268' title='bbox 66 3292 68 3296; x_wconf 96' lang='lat'>·</span> <span class='ocrx_word' id='word_1_269' title='bbox 116 3265 193 3324; x_wconf 85' lang='lat' dir='ltr'>·Dc.</span> <span class='ocrx_word' id='word_1_270' title='bbox 215 3266 301 3325; x_wconf 85' lang='lat' dir='ltr'>Curae</span> <span class='ocrx_word' id='word_1_271' title='bbox 315 3277 361 3327; x_wconf 91' lang='lat' dir='ltr'>est</span> <span class='ocrx_word' id='word_1_272' title='bbox 375 3267 453 3326; x_wconf 85' lang='lat' dir='ltr'>mihi.</span> <span class='ocrx_word' id='word_1_273' title='bbox 489 3269 550 3327; x_wconf 79' lang='lat' dir='ltr'>Mt.</span> <span class='ocrx_word' id='word_1_274' title='bbox 566 3269 602 3325; x_wconf 86' lang='lat' dir='ltr'>Et</span> <span class='ocrx_word' id='word_1_275' title='bbox 615 3267 686 3326; x_wconf 90' lang='lat' dir='ltr'>mihi</span> <span class='ocrx_word' id='word_1_276' title='bbox 700 3285 777 3336; x_wconf 85' lang='lat' dir='ltr'>curae</span> <span class='ocrx_word' id='word_1_277' title='bbox 789 3274 854 3324; x_wconf 90' lang='lat' dir='ltr'>est:</span> <span class='ocrx_word' id='word_1_278' title='bbox 877 3265 987 3337; x_wconf 77' lang='lat' dir='ltr'>rethur,</span> <span class='ocrx_word' id='word_1_279' title='bbox 1004 3267 1134 3332; x_wconf 80' lang='lat' dir='ltr'>Demea,</span> 
     </span>
    </p>

    <p class='ocr_par' dir='ltr' id='par_1_37' title="bbox 132 3345 1135 3425">
     <span class='ocr_line' id='line_1_38' title="bbox 132 3345 1135 3425; baseline -0.003 -21"><span class='ocrx_word' id='word_1_280' title='bbox 132 3345 275 3404; x_wconf 88' lang='lat' dir='ltr'>Curemus</span> <span class='ocrx_word' id='word_1_281' title='bbox 287 3367 402 3424; x_wconf 86' lang='lat' dir='ltr'>aequam</span> <span class='ocrx_word' id='word_1_282' title='bbox 414 3356 535 3425; x_wconf 87' lang='lat' dir='ltr'>uterque</span> <span class='ocrx_word' id='word_1_283' title='bbox 550 3354 682 3424; x_wconf 85' lang='lat' dir='ltr'>partem:</span> <span class='ocrx_word' id='word_1_284' title='bbox 706 3353 738 3404; x_wconf 90' lang='lat' dir='ltr'>tu</span> <span class='ocrx_word' id='word_1_285' title='bbox 751 3345 884 3417; x_wconf 89' lang='lat' dir='ltr'>alterum,</span> <span class='ocrx_word' id='word_1_286' title='bbox 1093 3349 1135 3403; x_wconf 78' lang='lat'>50</span> 
     </span>
    </p>

    <p class='ocr_par' dir='ltr' id='par_1_38' title="bbox 130 3421 994 3504">
     <span class='ocr_line' id='line_1_39' title="bbox 130 3421 994 3504; baseline -0.001 -20"><span class='ocrx_word' id='word_1_287' title='bbox 130 3421 196 3504; x_wconf 77' lang='lat' dir='ltr'>Ego</span> <span class='ocrx_word' id='word_1_288' title='bbox 211 3426 278 3484; x_wconf 88' lang='lat' dir='ltr'>item</span> <span class='ocrx_word' id='word_1_289' title='bbox 293 3427 432 3493; x_wconf 81' lang='lat' dir='ltr'>alterum:</span> <span class='ocrx_word' id='word_1_290' title='bbox 455 3446 519 3485; x_wconf 88' lang='lat' dir='ltr'>nam</span> <span class='ocrx_word' id='word_1_291' title='bbox 535 3428 638 3484; x_wconf 83' lang='lat' dir='ltr'>ambos</span> <span class='ocrx_word' id='word_1_292' title='bbox 652 3443 762 3494; x_wconf 84' lang='lat' dir='ltr'>curare,</span> <span class='ocrx_word' id='word_1_293' title='bbox 777 3425 994 3504; x_wconf 87' lang='lat' dir='ltr'>propemodum</span> 
     </span>
    </p>

    <p class='ocr_par' dir='ltr' id='par_1_39' title="bbox 132 3503 1016 3584">
     <span class='ocr_line' id='line_1_40' title="bbox 132 3503 1016 3584; baseline -0.003 -20"><span class='ocrx_word' id='word_1_294' title='bbox 132 3507 298 3581; x_wconf 85' lang='lat' dir='ltr'>Reposcere</span> <span class='ocrx_word' id='word_1_295' title='bbox 312 3503 392 3566; x_wconf 81' lang='lat' dir='ltr'>illurn</span> <span class='ocrx_word' id='word_1_296' title='bbox 407 3515 461 3576; x_wconf 85' lang='lat' dir='ltr'>est,</span> <span class='ocrx_word' id='word_1_297' title='bbox 478 3527 564 3584; x_wconf 89' lang='lat' dir='ltr'>quem</span> <span class='ocrx_word' id='word_1_298' title='bbox 579 3505 698 3565; x_wconf 86' lang='lat' dir='ltr'>dedisti.</span> <span class='ocrx_word' id='word_1_299' title='bbox 741 3505 800 3564; x_wconf 85' lang='lat' dir='ltr'>De.</span> <span class='ocrx_word' id='word_1_300' title='bbox 823 3506 889 3564; x_wconf 88' lang='lat' dir='ltr'>Ah!</span> <span class='ocrx_word' id='word_1_301' title='bbox 908 3504 1016 3563; x_wconf 87' lang='lat' dir='ltr'>Micio.</span> 
     </span>
    </p>

    <p class='ocr_par' dir='ltr' id='par_1_40' title="bbox 134 3581 1134 3662">
     <span class='ocr_line' id='line_1_41' title="bbox 134 3581 1134 3662; baseline -0.007 -18"><span class='ocrx_word' id='word_1_302' title='bbox 134 3585 195 3645; x_wconf 73' lang='lat' dir='ltr'>Mt.</span> <span class='ocrx_word' id='word_1_303' title='bbox 217 3585 292 3645; x_wconf 88' lang='lat' dir='ltr'>Mihi</span> <span class='ocrx_word' id='word_1_304' title='bbox 306 3587 348 3646; x_wconf 90' lang='lat' dir='ltr'>sic</span> <span class='ocrx_word' id='word_1_305' title='bbox 363 3586 489 3646; x_wconf 88' lang='lat' dir='ltr'>videtur.</span> <span class='ocrx_word' id='word_1_306' title='bbox 526 3587 594 3656; x_wconf 87' lang='lat' dir='ltr'>De.¹</span> <span class='ocrx_word' id='word_1_307' title='bbox 608 3584 687 3654; x_wconf 87' lang='lat' dir='ltr'>Quid</span> <span class='ocrx_word' id='word_1_308' title='bbox 704 3585 801 3646; x_wconf 76' lang='lat' dir='ltr'>istuct</span> <span class='ocrx_word' id='word_1_309' title='bbox 823 3585 877 3643; x_wconf 89' lang='lat' dir='ltr'>tibi</span> <span class='ocrx_word' id='word_1_310' title='bbox 891 3584 916 3644; x_wconf 89' lang='lat' dir='ltr'>si</span> <span class='ocrx_word' id='word_1_311' title='bbox 929 3585 1005 3644; x_wconf 87' lang='lat' dir='ltr'>istuc</span> <span class='ocrx_word' id='word_1_312' title='bbox 1020 3581 1134 3662; x_wconf 85' lang='lat' dir='ltr'>piacet,</span> 
     </span>
    </p>
   </div>
   <div class='ocr_carea' id='block_1_3' title="bbox 133 3660 898 3747">
    <p class='ocr_par' dir='ltr' id='par_1_41' title="bbox 133 3660 898 3747">
     <span class='ocr_line' id='line_1_42' title="bbox 133 3660 898 3747; baseline -0.003 -23"><span class='ocrx_word' id='word_1_313' title='bbox 133 3665 306 3743; x_wconf 80' lang='lat' dir='ltr'>Profundat,</span> <span class='ocrx_word' id='word_1_314' title='bbox 320 3660 435 3747; x_wconf 80' lang='lat' dir='ltr'>perdat,</span> <span class='ocrx_word' id='word_1_315' title='bbox 448 3667 567 3745; x_wconf 83' lang='lat' dir='ltr'>pereat!</span> <span class='ocrx_word' id='word_1_316' title='bbox 590 3665 661 3724; x_wconf 89' lang='lat' dir='ltr'>nihil</span> <span class='ocrx_word' id='word_1_317' title='bbox 674 3664 713 3726; x_wconf 83' lang='lat' dir='ltr'>ad</span> <span class='ocrx_word' id='word_1_318' title='bbox 727 3685 773 3726; x_wconf 85' lang='lat' dir='ltr'>mc</span> <span class='ocrx_word' id='word_1_319' title='bbox 786 3665 898 3725; x_wconf 84' lang='lat' dir='ltr'>attinet.</span> 
     </span>
    </p>
   </div>
   <div class='ocr_carea' id='block_1_4' title="bbox 0 0 1219 4038">
    <p class='ocr_par' dir='ltr' id='par_1_42' title="bbox 0 0 1219 4038">
     <span class='ocr_line' id='line_1_43' title="bbox 0 0 1219 4038; baseline 0 0"><span class='ocrx_word' id='word_1_320' title='bbox 0 0 1219 4038; x_wconf 95' lang='lat' dir='ltr'> </span> 
     </span>
    </p>
   </div>
  </div>
 </body>
</html>
