2404 4038
355 250 484 312 Aenus
500 248 552 310 iv.
595 247 726 310 SCENA
742 247 795 310 lv.
1039 246 1078 310 6³

70 404 138 466 Pu.
160 401 289 495 Quicum
301 377 318 463 i
356 405 418 467 Do.
440 405 514 466 Cum
536 403 728 466 Parmenone.
769 403 832 464 Pu.
855 401 989 464 Ndrssne
1012 421 1079 471 eum

74 565 143 624 Do.
165 481 347 636 Nd'undanec,
362 564 429 640 quis
443 572 530 634 esset,
546 582 672 642 unquam
687 561 837 622 audieram
850 561 963 622 dicier.¹

75 644 143 702 Pis.
165 642 253 704 Unde
264 643 353 720 igitur
365 643 484 702 fratrem
497 663 592 702 meum
608 663 672 703 esse
686 643 822 702 sciebant
844 643 908 702 Do.
924 644 1068 702 Parmeno
1175 631 1176 636 ¹

73 723 210 782 Dicebat
222 743 290 782 eum
304 739 388 783 esse:
409 725 435 782 is
449 723 531 782 dedit
546 723 614 781 mihi
630 723 705 781 hanc
715 733 838 782 vestem.
881 721 945 782 Pu.
961 721 1081 782 Occidi.

78 804 145 875 Do.
168 803 269 862 Meam
283 803 345 880 ipse
360 803 474 863 induit:
497 813 567 882 post
581 802 638 862 und
652 802 740 860 ambo
755 802 891 862 abierunt
905 801 995 862 forus.

77 882 145 960 Py.
166 881 231 974 Jam
248 883 325 974 'satis
349 885 444 942 credis
470 884 598 942 sobriam
622 901 683 942 esse
705 901 763 954 me,
786 891 818 942 et
840 881 911 940 nihil
932 881 1083 943 mentitam

77 1031 149 1102 Jam
163 961 360 1182 aatEabllcliertum
374 1050 429 1114 est,
442 1042 583 1120 virginem
596 1041 726 1102 vitiatam
740 1040 823 1102 esset
843 1039 907 1101 Pis.
920 1043 983 1121 Age
993 1060 1082 1116 nuuc,

227 1141 242 1180 e
267 1140 314 1192 ua,

78 1198 186 1261 Credis
203 1199 286 1338 pido
305 1199 393 1338 tqu⁰d
417 1201 513 1263 diuiti
554 1203 617 1280 Py.
638 1200 720 1271 Quid
733 1201 782 1262 isti
796 1199 937 1262 credant
957 1221 1005 1262 res
1018 1201 1084 1282 ipsa

203 1299 233 1338 rn
257 1299 327 1339 rea.

80 1359 146 1420 Ph.
168 1359 307 1422 Concede
329 1358 406 1422 istuc
429 1357 601 1436 paululum:
622 1357 744 1420 audiu’t
764 1360 851 1420 etiam
877 1377 955 1420 nuuc
978 1361 1083 1438 pauiu·
1186 1439 1191 1449 Ι

203 1437 284 1498 lum:
307 1447 353 1497 sat
367 1447 423 1497 est.

80 1519 142 1578 Dic
157 1516 229 1578 dum
243 1519 301 1578 hoc
309 1535 442 1576 rursum:
464 1517 586 1576 Ciraerea
601 1525 682 1577 tuam
698 1527 809 1577 vestem
821 1515 950 1574 detraxit
959 1516 1032 1576 tibi't
1045 1525 1086 1580 to

82 1599 147 1660 Do.
169 1599 304 1658 Factum.
326 1597 390 1657 ΡΙι.
406 1599 444 1656 Et
457 1597 493 1655 ed
507 1608 553 1657 est
565 1597 712 1656 indutus'i
733 1598 797 1657 Do.
812 1598 946 1656 Factum.
968 1596 1033 1657 Ple.
1046 1599 1086 1660 Et

204 1696 260 1755 pro
274 1675 305 1737 te
318 1677 377 1736 huc
392 1675 539 1736 deductus
552 1680 621 1737 esti
644 1678 707 1738 Do.
723 1678 781 1738 Ita.

84 1756 149 1817 Pu.
168 1756 286 1834 Jupiter
300 1757 424 1834 magnei
446 1756 465 1815 d
479 1757 636 1817 scelestum
651 1767 742 1836 atque
763 1757 907 1818 audacem
918 1755 1084 1818 homiuem!

206 1835 272 1913 Py.
293 1837 346 1894 Vae
361 1835 451 1894 mihi!

83 1913 180 1974 Etiam
194 1933 273 1974 nunc
287 1931 345 1974 non
360 1914 465 1985 credis,
479 1915 604 1992 indignis
620 1936 673 1975 nos
687 1935 750 1976 esse
763 1915 859 1976 irrisas
874 1916 994 1977 modist

86 1993 153 2052 Pu.
174 1993 284 2054 Mirum
299 1993 329 2052 ni
343 2003 375 2053 tu
389 1994 495 2065 credis,
509 1995 588 2072 quod
604 1997 659 2056 iste
674 1995 768 2055 dicit:
786 1996 858 2072 quid
872 2015 957 2075 agam
972 1996 1086 2058 nescio.

85 2071 186 2132 Heus!
207 2082 316 2151 negato
330 2093 453 2133 rursum.
476 2076 635 2134 Possumne
649 2095 704 2152 ego
719 2073 806 2134 hodie
820 2095 857 2132 ex
871 2085 901 2134 te
915 2077 1087 2156 exsculpere

86 2147 220 2212 Vesuuii
240 2152 367 2292 vtiditstin'
381 2153 500 2214 fratrem
515 2155 691 2215 enereamt
733 2153 797 2216 Do.
818 2155 899 2216 Non.
934 2155 996 2216 Pu.
1018 2157 1087 2218 Non

208 2249 248 2307 po
263 2251 293 2290 es
321 2249 383 2292 siue

85 2307 169 2369 Melo
179 2307 274 2382 fateri,
290 2311 395 2371 video:
418 2331 542 2389 sequere
556 2314 632 2372 hac:
654 2311 745 2371 modd
759 2312 811 2384 nit,
825 2313 915 2372 modo
930 2321 1028 2389 negat.

7 2425 8 2456 r
85 2389 148 2449 Ora
162 2409 220 2450 me.
263 2391 325 2452 Do.
342 2392 476 2449 Obsecro
491 2401 520 2450 te
533 2391 615 2463 vend,
630 2391 776 2451 Phaedria.
809 2392 1088 2454 Plr.1intrduuuc

203 2469 279 2546 jam.
322 2469 386 2529 Do.
402 2470 452 2540 Oi,
465 2469 502 2527 ei.

87 2547 151 2610 Pu.
173 2549 241 2608 Alio
254 2557 345 2628 pecto
359 2550 480 2609 honeste
494 2569 553 2628 quo
567 2547 656 2608 modo
670 2549 740 2610 hinc
754 2548 856 2610 abeam
869 2553 978 2613 nescio.
1075 2613 1079 2623 ,

87 2632 196 2688 Actum
206 2637 259 2702 eet,
270 2630 414 2708 siquidem
426 2639 457 2689 tu
469 2649 515 2690 me
527 2630 573 2689 hic
583 2630 680 2704 etiam,
692 2629 812 2702 nebulo,
826 2631 1027 2694 ludificabere.
1049 2635 1089 2695 '50

89 2709 153 2788 Py.
174 2710 364 2769 Parmenonis
388 2719 447 2770 tam
476 2711 538 2772 scio
565 2730 628 2771 esse
656 2713 733 2772 hanc
754 2712 900 2786 technam,
928 2713 1018 2792 qudm
1041 2733 1090 2774 me
1193 2771 1194 2792 ¹

90 2866 170 2929 Dor.
192 2807 315 2927 Silcvddi.
353 2869 416 2947 Py.
438 2868 586 2929 inveniam
600 2870 650 2949 pol
665 2869 765 2941 hodie,
785 2889 887 2947 parem
901 2872 954 2933 ubi
967 2871 1089 2934 reseram

89 3026 148 3088 Sed
162 2958 347 3105 amixtffid
362 3025 532 3088 faciendum
546 3047 658 3100 censes,
684 3029 813 3091 Doriasi
855 3028 935 3091 Dor.
956 3029 1003 3092 De
1015 3029 1089 3092 istac
1107 3090 1109 3096 ,
1193 3105 1194 3110 ¹

210 3127 296 3185 rogas
725 3135 729 3148 =

91 3184 229 3265 Virginei
251 3189 316 3266 Py.
338 3187 403 3252 Itac
425 3184 523 3246 arrum
538 3194 702 3262 taceamne,
724 3207 762 3250 en
783 3187 968 3270 proedicemi
1010 3191 1091 3262 Dor.

210 3267 259 3326 Tu
275 3267 334 3344 poi,
350 3267 375 3326 si
388 3269 479 3344 sapis,

91 3329 179 3414 Quod
194 3348 265 3420 scis,
280 3347 387 3416 nescis,
399 3366 494 3424 neque
509 3347 547 3406 de
561 3347 706 3418 eunucho,
720 3367 815 3426 neque
827 3347 866 3407 de
876 3347 947 3418 vitio
956 3348 1075 3428 virginis¹
1081 3369 1090 3410 z

92 3426 157 3486 Hac
172 3445 214 3497 re,
229 3436 259 3485 et
273 3437 302 3486 te
316 3427 395 3484 omni
409 3427 496 3486 turbt
509 3429 634 3496 evolves,
650 3438 680 3486 et
694 3429 734 3486 iili
746 3439 859 3507 gratum
875 3427 987 3490 feceris.

7 3517 8 3558 1
92 3505 307 3578 ldmodddic,
331 3507 429 3572 abtaee
450 3509 574 3569 Dorum.
615 3507 679 3586 Py.
701 3507 748 3570 Its
771 3507 888 3572 faciam.
930 3511 1010 3571 Dor.
1032 3505 1109 3570 Sed'

215 3585 331 3646 videon’
346 3587 521 3650 Chrememi
636 3647 638 3651 .
