2404 4038
351 205 481 270 ACTUS
501 193 577 266 111..
601 203 796 266 scarsali.
853 258 855 264 ,
1032 213 1071 275 97

71 369 140 432 Me.
159 366 269 429 Videre
277 375 393 439 rerum,
406 375 496 445 atque
510 365 552 425 ita
565 361 609 424 uti
622 383 667 426 res
681 373 737 436 est,
752 363 860 425 dicere.

75 449 132 512 ct.
152 450 295 510 Somnum
311 448 409 508 hercle
423 467 479 522 ego
494 445 550 505 hac
564 454 652 504 nocte
666 445 759 505 oculis
773 463 832 504 nou
848 441 906 504 ridi
921 444 1004 514 uaris,

73 531 154 590 Dum
168 529 199 590 id
215 548 325 607 quaro,
340 528 394 588 tibi
410 525 461 606 qui
475 524 565 585 lilium
579 525 772 586 restituerem.

73 610 140 671 Me.
160 609 245 670 cedd
258 608 407 668 dextram:
430 625 519 686 porro
533 614 563 665 te
576 604 653 664 idem
669 624 722 664 oro
735 615 768 664 ut
782 604 884 676 iacias,
898 603 1033 666 Chreme.

75 689 132 752 ca.
153 689 276 750 Paratus
290 707 367 748 sum.
409 685 474 746 Me.
495 685 583 756 Scin',
597 684 670 764 quid
685 703 764 744 nunc
779 683 874 744 iacere
889 693 918 744 te
932 685 1026 745 voiol

75 769 130 840 Cle.
151 769 220 830 Dio.
263 769 328 828 Me.
350 765 440 836 Quod
454 765 567 826 reusisti
582 765 648 823 illos
661 784 708 824 me
723 765 853 843 inciper'e
865 765 976 838 fallere,

72 839 109 910 Id
127 858 158 909 ut
172 858 316 909 maturent
329 847 444 906 iacere:
466 845 555 922 cupio
569 844 610 904 illi
624 846 705 916 dare,

5 959 6 966 .
76 930 168 1000 Quod
183 929 263 989 volt:
287 927 377 1006 cupio
386 927 449 1004 jam
464 925 575 986 videre.
619 924 671 986 cl.
695 925 828 1004 Operam
844 925 940 996 daho„

75 1012 168 1091 Syrus
179 1018 225 1068 est
237 1005 472 1087 prehendendus,
485 1014 575 1084 atque
590 1005 793 1066 adhortandus
807 1007 887 1068 milri.

76 1093 104 1149 Α
122 1109 168 1148 me
182 1089 283 1148 nescio
297 1089 361 1166 quis
375 1087 456 1147 exit:
477 1086 610 1146 concede
624 1086 694 1145 hinc
707 1086 839 1158 domum,
1039 1091 1079 1154 90

77 1170 127 1229 Ne
140 1188 193 1228 nos
205 1169 280 1229 iuter
294 1189 347 1228 nos
360 1186 522 1246 congruere
537 1165 674 1225 sentiant.

78 1249 217 1312 Paullum
230 1247 329 1326 negoti
345 1247 415 1307 mihi
430 1248 548 1306 obstat:
570 1247 669 1305 Simus
684 1255 714 1306 et
729 1245 823 1320 Crito,

79 1328 180 1390 Vicini
192 1330 295 1400 nostri,
311 1327 361 1387 hic
376 1327 530 1404 ambigunt
543 1325 581 1385 de
596 1323 725 1384 finibus:

79 1411 134 1470 Me
145 1429 251 1488 cepere
264 1408 405 1468 arbitrum
418 1405 510 1477 :'ibo,
524 1425 560 1465 ac
574 1404 685 1475 dicam,
704 1414 735 1463 ut
748 1403 892 1474 dixeram,

79 1491 211 1568 Operam
227 1490 364 1548 daturum
380 1508 436 1560 me,
451 1485 540 1545 hodie
553 1505 611 1544 nou
625 1503 714 1563 posse
730 1483 774 1543 his
790 1485 870 1543 dare.
924 1479 926 1486 '

80 1566 411 1632 Contiuudhicadero.
455 1567 518 1626 Me.
539 1565 713 1642 ltaquaeso.
755 1564 796 1624 Di
812 1571 938 1623 vostram
953 1561 1060 1626 fidem!

78 1652 128 1714 lta
140 1659 341 1728 comparatam
355 1667 416 1707 esse
431 1645 579 1706 hominum
594 1655 727 1705 naturam
742 1643 883 1718 omnium,

4 1785 5 1794 ,
80 1731 186 1791 Aliena
201 1739 233 1790 ut
249 1727 351 1790 melida
365 1727 493 1798 rideant,
506 1736 537 1786 et
550 1723 726 1800 dijudicent.

4 1809 5 1814 ’
81 1809 183 1881 Quam
198 1811 276 1870 sual
297 1829 334 1868 an
347 1807 383 1867 ed
398 1805 444 1878 fit,
459 1807 527 1884 quia
540 1804 569 1863 iu
584 1823 614 1863 re
625 1803 734 1876 nostra,
748 1813 799 1866 aut
813 1803 922 1884 gaudio

82 1891 192 1952 Sumus
206 1887 363 1970 praepediti
376 1885 476 1958 nimio,
491 1894 542 1945 aut
555 1875 748 1962 oegritueirnel
1029 1889 1085 1948 100

83 1969 144 2030 llic
158 1969 230 2030 mibi
245 1978 357 2048 quanto
370 1985 448 2028 nouo
462 1964 530 2046 plus
544 1965 632 2043 sapit,
648 1963 735 2042 quam
750 1975 866 2042 egomet
880 1964 967 2026 mihil

85 2049 141 2113 Cl.
163 2051 293 2110 Dissolvi
308 2069 367 2120 me,
382 2047 495 2107 otiosus
509 2065 629 2128 operam
647 2055 679 2104 ut
694 2044 749 2103 tibi
761 2046 869 2106 darem.

491 2283 621 2343 SCENA
643 2284 685 2382 ll.

411 2438 541 2496 Sanus.
583 2435 773 2496 Careamus.

86 2597 143 2676 Sy.
164 2595 241 2654 Hac
255 2591 323 2651 illac
338 2591 558 2650 circumcursu:
580 2588 785 2648 inveniendum
801 2589 838 2650 ’et
851 2596 951 2654 tamen
983 2623 989 2630 „

86 2680 270 2754 Argentum:
291 2671 468 2748 intendenda
481 2671 510 2731 in
526 2690 624 2730 senem
639 2679 684 2730 est
698 2669 826 2730 fallacia.

89 2756 146 2818 ct.
167 2755 248 2814 Num
264 2772 309 2811 me
321 2749 435 2822 fefellit,
451 2752 538 2810 hosce
552 2751 581 2810 id
594 2753 729 2812 strueret
750 2750 887 2812 videlicet

86 2836 143 2896 llle
157 2834 260 2896 Cliniae
274 2851 371 2890 servus
385 2831 577 2891 tardiusculus
591 2841 656 2888 est:

87 2914 209 2977 ldciroo
223 2913 409 2972 huic‘nortro
423 2909 532 2970 tradita
547 2912 581 2968 'st
595 2908 756 2986 provincia.
778 2973 780 2980 ,

87 2995 143 3080 Sy.
166 2993 242 3064 Quis
257 2991 307 3051 hio
321 2991 475 3130 loquitlgri
503 2990 596 3068 perii!
628 2987 843 3048 numnamharo
857 2987 992 3051 audititi
1034 2995 1087 3054 Ch.

212 3074 294 3132 Sre.
382 3114 389 3130 .
441 3089 499 3130 em.

90 3155 147 3220 Cle.
167 3093 258 3293 nglh
268 3153 305 3213 'tu
331 3072 422 3213 iiiior
464 3149 516 3228 Sy.
549 3147 641 3208 necte
663 3148 819 3228 equidem:
852 3150 902 3210 sed
931 3158 961 3212 te
990 3155 1086 3228 miror,

261 3252 351 3303 reme,

88 3314 165 3374 Tam
179 3313 278 3384 mane,
292 3311 354 3371 heri
367 3311 419 3389 qui
433 3318 547 3371 tautum
562 3308 683 3370 biberis.
725 3310 781 3371 Cle.
803 3311 885 3371 Nihil
900 3312 996 3375 nimis.

92 3393 147 3472 Sy.
168 3393 261 3464 Nihil,
276 3393 399 3452 narrasl
420 3392 481 3451 visa
495 3389 567 3450 verd
580 3391 627 3461 'st,
641 3389 721 3468 quod
737 3389 796 3450 dici
811 3392 896 3465 solet,

91 3472 372 3552 Aquilaeseuectus.
415 3471 469 3532 cl.
490 3471 564 3533 Eia!
607 3469 659 3547 Sy.
680 3470 788 3530 Mulier
800 3472 969 3545 commoda,
985 3485 1015 3534 et
1052 3483 1089 3534 lo

91 3555 214 3694 Facetqa',
229 3553 293 3613 haec
309 3549 454 3614 meretrix.
498 3551 551 3612 Cle.
574 3551 662 3622 Saue,
676 3549 755 3611 idem
770 3551 832 3612 visa
844 3555 884 3614 'st
899 3553 1008 3691 milri.1

201 3651 243 3694 er.
837 3688 839 3693 ,
