2404 4038
103 221 138 276 12
515 211 685 276 ANDRlA.

100 367 229 450 Nuptias
242 369 369 448 effingere
383 387 438 446 ego
452 366 520 428 isias
534 368 623 442 malo,
638 368 727 446 quam
743 375 775 428 lu
790 369 953 448 adipiscier.

104 449 157 508 Cle.
178 450 346 510 Reddidisti
374 449 511 507 animum.
554 449 615 510 Po.
638 449 727 512 Nunc
750 449 776 510 si
799 451 871 529 quid
893 461 978 532 potes
992 460 1043 512 aut
1059 460 1107 526 lu,

193 551 200 562 ·
222 537 274 588 aut
289 529 335 588 bio
349 529 481 608 Byrrhia,
945 551 947 555 ·

102 607 213 681 Fnoite,
226 607 339 687 fingite,
353 608 491 680 invenite,
506 606 624 680 efficite,
640 608 691 687 qul
705 608 792 670 detur
805 609 867 669 libi.
1164 653 1168 660 -

101 689 165 768 Ego
191 689 222 748 id
248 708 347 768 agam,
376 689 448 748 mibi
472 687 524 767 qui
550 690 704 750 nodetur.
748 690 799 752 cl.
821 691 873 751 Sat
893 690 997 750 habeo.
1039 691 1106 752 Pa.

223 768 477 846 Davumoptumd
1168 835 1172 839 .

102 846 218 908 Video:
239 848 328 925 hujus
342 849 464 910 oosssilio
478 847 656 910 stetussum.
708 849 761 911 Cla.
785 853 824 910 Aa
846 857 878 910 tu
900 839 998 910 hercle
1024 847 1110 908 haud

225 927 385 1006 quidquam
398 928 479 999 mihi,
1116 970 1119 976 -

104 1006 170 1068 Nisi
184 1025 228 1078 ea,
256 1027 322 1087 quae
346 999 419 1068 nihil
442 1027 516 1086 opus
532 1016 603 1070 sunt
617 1008 709 1070 scire:
738 1009 830 1089 fugin‘
845 1009 936 1071 hinoi
957 1009 1023 1088 By.
1039 1008 1111 1086 Ego

225 1087 306 1160 aeid,
321 1107 356 1148 so
368 1089 481 1150 lubens.

508 1315 641 1376 SCENA
663 1318 703 1375 ll.

281 1469 417 1530 stus.
456 1469 662 1528 cussanus.
704 1468 929 1528 Pnuefflsus.

106 1619 147 1681 Di
163 1621 243 1690 boni,
256 1621 327 1679 boni
342 1620 413 1698 quid
427 1620 531 1697 porto!
561 1619 613 1680 sed
630 1618 680 1679 ubi
696 1619 840 1679 inveniam
855 1619 1066 1698 Pamphilum?

105 1703 149 1762 Ul
162 1709 282 1768 metum,
296 1700 325 1792 iu
338 1719 398 1778 quo
411 1719 489 1760 nuno
503 1711 557 1771 est,
573 1699 709 1774 adimam,
729 1709 817 1780 atque
829 1701 961 1779 expleam
976 1701 1108 1760 animum

107 1859 161 1920 cu.
181 1779 361 1932 Laegtqqdleqq,
386 1859 483 1918 neseio
497 1858 580 1937 qnid.
624 1860 684 1920 Pu.
708 1860 790 1920 Nihil
803 1870 869 1921 esi:
891 1859 1022 1920 nondum
1039 1861 1106 1919 haec

226 1937 345 1998 rescivit
360 1941 445 1998 mala.

45 2037 55 2056 ⁸
106 2019 171 2080 Do.
193 2018 288 2088 Quem
304 2039 367 2113 'ego
390 2038 467 2078 nuuc
492 2019 591 2092 eredo,
619 2019 643 2078 si
664 2017 729 2095 jam
758 2017 881 2078 audierit
904 2018 959 2079 sibi
986 2029 1107 2096 paratas

108 2179 162 2238 dl.
184 2109 353 2236 Auqqp'uqq.
377 2175 479 2238 illumi
514 2179 574 2240 Da.
594 2179 675 2238 Toto
702 2197 748 2237 me
773 2177 886 2257 oppido
907 2177 1106 2266 exanimatum

107 2336 164 2396 Sed
194 2277 424 2416 ub‘luzlieagaml
445 2344 496 2395 sul
517 2336 577 2415 qud
601 2355 680 2396 nuno
701 2333 830 2414 primiisn
855 2334 1027 2398 intendam?
1051 2339 1105 2396 Ch.

228 2417 332 2476 Cessas
347 2416 479 2492 alloquii

109 2498 173 2556 Du.
194 2495 288 2555 Abeo.
331 2495 384 2554 cl.
406 2497 497 2565 Dave,
512 2496 601 2562 ades:
624 2496 735 2553 resiste.
778 2495 841 2554 Do.
863 2493 938 2561 Quis
953 2494 1042 2554 homo
1058 2497 1106 2567 ἐι,

229 2574 281 2651 qui
297 2575 365 2632 mei
386 2593 404 2630 o
415 2573 577 2649 Pamphile,

108 2657 151 2714 Te
176 2654 272 2730 ipsum
300 2671 412 2730 quaero.
454 2653 546 2730 Euge,
571 2652 715 2712 Charine!
736 2652 825 2712 ambo
843 2657 1029 2732 opportune:
1053 2675 1107 2714 sios

110 2813 165 2875 Cla.
186 2733 374 2888 Davvzlfperii.
421 2812 480 2870 Do.
502 2809 791 2877 Quiuiuhocaudi.
823 2813 875 2871 Cle.
898 2814 1006 2873 Interii.
1040 2816 1106 2874 Du.

108 2945 109 2949 ,
230 2891 311 2959 Quid
327 2891 440 2960 timeas,
455 2890 528 2949 seio.
688 2906 694 2916 ·
805 2955 809 2966 ·

110 2976 171 3032 Po.
191 2973 261 3031 Mea
274 2971 393 3064 quidem
408 2971 504 3030 berole
519 2971 596 3030 nesle
610 2969 640 3030 in
654 2971 746 3031 dubio
762 2969 822 3030 vita
837 2971 882 3030 ’sn
905 2972 967 3030 Do.
980 2972 1019 3030 Et
1033 2974 1106 3049 quid

110 3132 172 3192 Pa.
193 3059 425 3189 niuisffiwisui.
476 3131 538 3189 Do.
560 3131 600 3188 nt
625 3130 655 3188 u
683 3131 752 3190 seso.
794 3130 853 3188 Pa.
884 3131 990 3190 noan.
1042 3061 1108 3192 ᾖξ’

261 3209 388 3280 blandis,
403 3211 516 3267 tametsi
531 3210 670 3286 intelligo.

108 3289 143 3350 Id
160 3308 260 3368 paves,
276 3310 312 3348 ne
327 3289 420 3349 ducas
435 3287 575 3356 inillam:
598 3297 629 3348 lu
643 3297 751 3358 antem,
768 3297 800 3346 ut
814 3288 918 3347 ducas.
963 3289 1015 3349 Cle.
1032 3291 1106 3351 Rem

110 3452 170 3509 Po.
192 3378 396 3588 lsttueonlpssqum.
438 3450 503 3510 Do.
524 3451 624 3526 Atque
637 3448 713 3507 istnc
726 3447 823 3526 ipsum
838 3447 909 3507 nibil
923 3447 1025 3527 pericli
1040 3459 1106 3510 esi:

230 3548 276 3588 me
288 3548 316 3588 vi
338 3548 365 3590 e.
