2404 4038
89 246 109 296 4
307 186 309 190 '
493 237 674 301 ANDRIA.

89 389 137 448 So.
159 389 239 460 Quid
254 391 363 463 obstat,
377 408 432 452 eur
444 409 502 454 non
514 409 592 456 rere
607 391 703 453 liantl
744 391 787 454 Si.
808 394 929 465 Audies.

86 468 159 528 Fere
174 472 202 528 in
215 468 316 531 diehus
327 472 440 550 paucis,
455 471 561 550 quibus
577 472 640 534 haec
653 479 719 534 acta
733 481 813 544 aaut,

86 550 205 628 Chrysis
219 551 314 610 vicina
328 551 393 611 haec
409 553 542 617 moritur.
587 553 637 613 Sc.
659 554 687 616 Ο
702 551 814 615 facturn
829 555 922 624 hene!

84 629 202 698 Bedstir
224 631 312 690 metui
325 650 344 690 a
357 631 511 710 Chryside.
554 631 599 694 Si.
620 632 668 694 lbi
679 639 743 696 lum
758 633 835 699 tilius

86 710 162 768 Cum
176 708 247 780 illis,
263 711 313 788 qui
326 713 465 774 amabant
480 711 667 791 chrysidem,
680 711 739 776 uas
751 714 853 778 aderat
865 715 1002 797 frequens
1014 745 1022 794 ;
1048 733 1087 786 80

86 789 218 848 Curabat
232 789 290 850 uua
303 789 407 863 funus:
428 792 519 855 tristis
532 793 658 868 interim,

85 868 304 948 Nonnunquam
320 872 574 936 conlacrumabat.
614 873 729 934 Placuit
743 879 806 941 tam
820 873 851 937 id
866 875 958 942 milri:

85 948 135 1006 Sic
149 949 332 1027 cogitabam:
356 952 425 1024 Hie,
440 972 539 1032 parvae
554 953 775 1029 consuetudinis

86 1028 194 1101 Causa,
210 1029 298 1107 hujus
312 1041 437 1092 mortem
451 1043 509 1092 tam
524 1032 582 1097 sert
596 1033 797 1096 familiariter:
1018 1103 1021 1120 Ι

85 1108 177 1182 Quid,
191 1108 216 1168 11
229 1111 294 1190 ipse
309 1111 455 1172 amasset?
476 1113 548 1191 quid
562 1113 610 1174 hio
623 1113 696 1174 mihi
709 1113 810 1185 faciei,
825 1115 924 1191 patrii

84 1189 158 1248 Haec
173 1207 229 1268 ego
240 1192 382 1268 putabam
395 1212 460 1252 esse
474 1193 574 1254 omnia
587 1193 705 1254 humaui
719 1193 828 1272 rogent,

84 1269 296 1348 Mansuetique
310 1272 400 1342 animi
413 1271 522 1334 officia.
565 1273 648 1344 Quid
663 1273 760 1334 multis
775 1273 896 1338 mcrurl

84 1347 212 1430 Egomet
228 1371 348 1430 quoquc
361 1352 425 1429 ejus
439 1352 531 1414 caush
544 1353 575 1414 in
588 1353 676 1414 sunus
691 1352 815 1430 prodeo,

83 1427 166 1487 Nihil
181 1431 437 1510 suspicansetiam
452 1433 530 1493 mali.
568 1431 618 1492 So.
634 1433 807 1508 Hem,quid
823 1431 901 1494 esti.
935 1432 980 1496 Si.
994 1435 1084 1499 Scies.

82 1506 226 1570 Effertur:
248 1511 333 1574 imus.
373 1513 491 1572 Interea
503 1512 579 1572 inter
592 1509 740 1583 mulieres,
930 1573 935 1580 ,
1042 1525 1085 1587 90

83 1588 158 1654 Quae
174 1589 214 1648 ibi
228 1589 360 1662 aderant,
374 1591 451 1650 forth
466 1609 555 1650 unam
568 1579 700 1668 adspicio
713 1589 973 1667 adolescentulam,

84 1667 208 1732 Forma!
253 1669 301 1731 So.
311 1685 313 1690 ·
323 1669 407 1730 Bonh
421 1670 556 1740 fortasse.
599 1669 646 1732 Si.
667 1672 707 1732 Et
720 1670 814 1745 voltu,
830 1673 926 1744 Sosia,

82 1747 168 1806 Adeo
184 1748 329 1818 modesto,
344 1749 421 1820 adeo
434 1759 569 1823 venusto,
584 1760 618 1812 ut
631 1751 702 1814 nihil
715 1771 817 1832 supra·

83 1827 160 1894 Quia
175 1836 236 1887 turn
251 1829 321 1888 mihi
331 1830 486 1893 lamentari
499 1841 605 1908 praeter
619 1840 744 1894 casuras

82 1905 154 1964 Visa
167 1916 222 1980 est,
233 1916 263 1968 et
278 1909 349 1986 quia
363 1918 425 1970 erat
438 1909 534 1971 lormd
547 1920 655 1986 praeter
669 1923 794 1978 celeras

82 1985 216 2046 Honesta
229 1996 259 2047 et
272 1989 395 2059 liberali,
410 1986 523 2048 accedo
539 1989 576 2048 ad
591 1989 792 2069 pedisequas;

83 2067 159 2133 Quas
175 2067 222 2138 sit,
236 2087 320 2147 rogo.
362 2069 498 2130 Sororem
512 2089 576 2132 esse
590 2071 673 2132 aiunt
687 2071 851 2150 Chrysidis.

83 2147 232 2206 Percussit
246 2148 314 2208 ilico
328 2149 469 2212 animum.
509 2154 552 2212 Ar
564 2160 595 2212 at
607 2153 615 2212 1
638 2151 782 2217 hocillud
797 2152 860 2212 est!

82 2225 161 2285 Hine
176 2228 234 2288 illae
247 2229 392 2292 lacrimae!
414 2231 479 2292 hacc
494 2231 543 2290 illa
554 2231 593 2292 'st
606 2231 821 2294 misericordia!

83 2305 132 2368 So.
154 2306 367 2382 Quintiano,
383 2331 523 2390 quorsum
537 2311 663 2374 evadas!
700 2311 745 2376 Si.
763 2313 860 2378 runos
873 2313 986 2378 interim
1026 2326 1085 2378 100

80 2386 237 2458 Procedit:
261 2391 429 2470 sequimur:
451 2393 488 2452 ad
505 2392 673 2471 sepulcrum
687 2392 837 2462 venimus:

80 2465 115 2524 In
130 2467 225 2546 ignem
241 2471 376 2548 imposita
389 2473 446 2541 ἐἰς
469 2471 568 2534 fletur.
608 2477 724 2534 Interea
739 2474 804 2532 haec
821 2493 914 2544 soror,

82 2546 176 2614 Quam
191 2548 269 2624 dixi,
276 2550 314 2610 ad
330 2551 477 2614 flammam
491 2551 615 2612 accessit
628 2549 855 2628 imprudentius,
975 2557 980 2570 ⁴

78 2628 157 2693 Satis
170 2648 239 2693 cum
253 2633 375 2712 periclo.
418 2633 465 2692 Ihi
478 2640 542 2694 tum
555 2631 736 2694 exanimatus
751 2631 921 2708 Pamphilus

80 2713 159 2774 Bene
172 2713 388 2773 dissimulatum
403 2731 530 2772 amorem
545 2721 575 2772 et
588 2711 715 2770 celatum
726 2711 849 2774 iudicat.

81 2793 243 2864 Adcurrit;
265 2793 391 2853 mediam
405 2792 556 2852 mulierem
571 2791 801 2871 complectitur:

80 2877 152 2934 Mea
167 2874 351 2952 Glycerium,
366 2871 472 2948 inquit,
487 2871 557 2950 qaid
572 2871 658 2949 agis't
678 2891 730 2932 cur
743 2881 773 2935 te
787 2871 811 2931 is
825 2873 996 2952 perdituml

81 2955 157 3014 Turn
172 2953 232 3026 illa,
248 2962 281 3012 ut
294 2959 471 3014 consuetum
485 2951 570 3012 facile
584 2970 715 3012 amorem
729 2971 876 3026 cerneres,

81 3034 199 3110 Rejecit
212 3053 244 3093 se
258 3033 286 3091 in
301 3051 380 3103 eum,
394 3031 480 3104 flens,
495 3031 583 3110 qnhm
598 3029 792 3094 familiariter.
1006 3067 1009 3076 ·

83 3115 132 3174 So.
147 3113 228 3182 Quid
238 3113 298 3174 aisl
316 3109 360 3172 Si.
372 3111 472 3174 Redeo
480 3112 549 3174 inde
560 3113 659 3184 iratus,
666 3121 756 3192 atque
765 3112 844 3190 oegrh
855 3111 967 3182 screns;
1027 3120 1085 3172 110

81 3195 147 3253 Neo
162 3194 231 3253 satis
244 3193 282 3253 ad
297 3191 516 3270 objurgandam
530 3211 637 3253 causae.
679 3193 812 3262 Diceret,

83 3275 164 3342 Quid
179 3273 260 3335 seuit
282 3271 353 3352 quid
369 3274 540 3350 commerui,
554 3281 606 3332 aut
619 3273 751 3350 peceavi,
766 3272 871 3350 patent

83 3356 157 3423 Quae
168 3373 235 3418 sese
247 3354 277 3414 in
291 3355 389 3432 ignem
403 3352 523 3430 injicere
537 3353 640 3423 voluit,
653 3353 813 3430 prohibui:

83 3435 213 3494 Servavi.
254 3434 384 3494 Honesta
398 3434 493 3496 oratio
507 3442 561 3494 est.
603 3431 653 3494 So.
674 3431 768 3493 Recta
783 3441 892 3510 putas:

82 3513 159 3574 Nam
173 3516 199 3576 si
212 3514 292 3575 illum
306 3517 458 3595 objurges,
473 3515 541 3575 vitae
556 3513 607 3593 qui
620 3512 758 3574 auxlium
771 3513 850 3586 tulit,

84 3595 164 3668 Quid
179 3595 273 3658 iacias
287 3595 340 3672 illi,
356 3597 408 3678 qui
421 3595 537 3658 dederit
551 3595 691 3657 damnum
705 3603 756 3658 aut
769 3593 899 3657 malurnl
