2402 4036
369 215 499 279 Aeros
516 219 553 280 v.
595 175 725 280 soom
743 217 798 280 rx.
1005 223 1082 298 ,ιιι

81 363 143 424 De.
167 364 405 508 ddl‘medmihi
425 390 457 430 es
479 390 631 451 germanus
648 372 757 453 pariter
781 389 905 452 corpore
930 370 1082 432 etaoimo.

208 465 228 504 s.
282 467 317 507 au
340 469 385 510 eo.

83 523 143 583 De.
167 523 227 586 Suo
241 526 298 588 sibi
311 529 389 590 hunc
403 529 501 610 gladio
512 529 627 611 jugulo.

480 763 611 826 SCENA
633 765 687 826 lx.

229 915 359 978 Srreus.
395 918 538 981 Demos.
574 922 699 982 Mrcro.
735 921 940 985 AEscnrrcos.

82 1067 138 1150 Sy.
162 1071 312 1132 Fecwsr
327 1078 382 1146 est,
392 1073 475 1152 quod
485 1071 571 1150 joser,
587 1074 711 1135 Demea.

81 1152 143 1212 De.
166 1152 254 1232 Frugi
268 1153 356 1212 homo
365 1173 415 1213 es:
435 1173 490 1230 ego
506 1153 621 1231 aedepoi
633 1155 722 1213 hodie
732 1154 797 1215 med
810 1155 929 1235 quidem
942 1155 1087 1217 sententid

81 1232 194 1292 Judico
203 1233 306 1312 Syrum
318 1233 379 1293 fieri
389 1252 453 1292 esse
463 1253 579 1312 aequom
590 1234 726 1294 liberum.
748 1235 810 1294 Mi.
825 1238 927 1296 Istunc
940 1236 1086 1298 liberumi

83 1311 245 1382 Quodnam
259 1313 299 1372 ob
318 1313 453 1373 factumi
495 1316 554 1374 De.
575 1315 682 1374 Multa.
725 1313 778 1393 sp,
799 1316 827 1382 Ο
843 1324 941 1375 noster
955 1317 1086 1377 Demea!

207 1393 324 1472 aedepol
337 1395 381 1453 vir
394 1395 489 1454 bonus
502 1413 545 1453 es.

84 1473 150 1552 Ego
164 1473 238 1540 istos
251 1473 333 1532 vobis
348 1495 441 1552 usque
455 1495 473 1534 a
487 1473 585 1551 pueris
600 1472 701 1531 curavi
714 1473 817 1533 ambos
830 1473 951 1544 seduldr

86 1553 197 1624 Docui3
212 1554 321 1625 monui,
337 1555 410 1614 bene
425 1555 553 1632 praeeepi
569 1571 692 1630 semper,
705 1573 771 1632 quoe
785 1555 880 1632 potui,
890 1556 998 1616 omnia.

87 1634 147 1694 De.
163 1635 223 1692 Res
235 1643 358 1712 apparet
367 1657 376 1705 ;
399 1644 429 1694 et
443 1635 563 1712 quidem
578 1635 642 1692 haec
654 1653 743 1712 porro
752 1655 761 1704 ;
783 1635 1015 1707 obsonare,cum
1028 1633 1088 1695 fide

86 1714 226 1774 Scortum
237 1714 394 1787 adducere,
409 1734 551 1792 apparare
565 1715 602 1773 de
618 1713 665 1772 die
680 1715 844 1774 convivium
858 1736 865 1775 :

86 1793 156 1854 Non
182 1793 336 1854 mediocris
360 1796 485 1855 hom-inis
508 1797 572 1854 haee
593 1794 779 1857 suntofficio.
822 1795 876 1873 Sy.
912 1795 1088 1875 Olepidum

109 1917 112 1923 -
208 1894 241 1934 oo
267 1875 315 1934 ut!

88 1955 146 2014 De.
169 1893 334 2028 Postiemo,
356 1955 454 2026 hodie,
477 1956 507 2013 io
530 1953 649 2032 psaltrid
672 1954 882 2026 hosmunde,
905 1956 954 2015 hic
968 1957 1090 2035 adjutor

210 2034 277 2105 fnit,
1052 2047 1089 2098 10

88 2114 145 2174 Hic
162 2115 293 2174 comsit:
315 2114 455 2194 prodesse
470 2133 587 2193 aequom
599 2115 653 2175 ’stt
675 2115 723 2174 olii
740 2115 874 2174 meliores
887 2123 992 2176 erunt:

89 2195 227 2274 Denique
242 2195 290 2256 hio
303 2195 363 2254 volt
377 2195 449 2255 fieri.
491 2197 553 2256 Mi.
575 2195 640 2254 Vin'
654 2208 686 2254 ιιι
706 2196 764 2255 hoe
779 2194 859 2254 fierii
899 2193 965 2254 AEe.
981 2195 1089 2274 Cupio.

213 2275 274 2334 Mi.
297 2275 329 2334 Si
366 2277 461 2336 uidem
1090 2301 1092 2308 ¹

76 2353 135 2414 ¹Tu
159 2354 214 2427 vis,
239 2357 322 2434 Syre,
343 2296 423 2414 iro!
454 2353 563 2413 aceede
590 2353 648 2412 huo
672 2354 709 2414 od
736 2374 796 2416 me:
822 2355 898 2416 liber
919 2363 993 2414 esto.
1036 2355 1089 2434 Sy.

211 2435 391 2495 Benefaeis.

24 2521 30 2538 ⁸
89 2516 237 2576 Omnibus
251 2517 373 2592 gratiam
389 2515 493 2585 habeo,
508 2521 539 2573 et
553 2531 682 2573 seorsum
698 2515 751 2572 tibi
766 2521 918 2592 proteres,
935 2515 1057 2574 Demea.

90 2595 151 2657 De.
176 2597 314 2656 Gaudeo.
356 2595 422 2655 AEs.
443 2596 482 2652 Et
494 2613 559 2671 ego.
602 2593 655 2672 Sy.
678 2595 795 2654 Credo:
819 2595 929 2655 utinam
955 2596 1091 2675 hocper·

213 2683 336 2750 petuom
351 2675 404 2732 fiat
418 2674 567 2752 gaudium,
1078 2690 1081 2696 ’

90 2752 247 2832 Phrygiam
265 2763 297 2812 ut
308 2773 425 2812 uxorem
442 2771 534 2811 meam
548 2752 607 2810 und
620 2773 736 2813 mecum
751 2754 865 2816 videam
879 2755 1010 2816 liberem.

93 2835 153 2893 De.
187 2833 349 2911 Optumam
378 2831 498 2910 quidem
532 2833 693 2892 mulierem.
747 2834 798 2910 Sy.
826 2835 864 2892 Et
892 2833 1011 2910 quidem
1039 2841 1091 2894 tuo

215 2913 326 2990 nepoti,
343 2913 431 2988 hujus
446 2909 519 2978 filio,

94 2991 194 3052 Hodie
207 2992 330 3069 primam
344 3009 499 3050 mammam
514 2987 596 3047 dedit
610 2989 687 3048 haeo.
728 2990 787 3050 De.
803 2989 910 3048 Hercle
924 2988 1093 3061 verereris,

94 3071 124 3130 Si
148 3073 267 3152 quidem
288 3072 411 3151 primam
427 3069 520 3140 dedit,
549 3069 627 3128 haud
642 3067 765 3129 dubium
781 3069 850 3148 quin
869 3068 964 3128 emitti
977 3088 1093 3150 aequom

214 3153 278 3212 siet.

97 3231 159 3293 Mi.
174 3233 224 3292 Ob
238 3251 302 3292 eom
317 3229 402 3292 remi
424 3229 483 3291 De.
499 3229 550 3290 Ob
564 3249 638 3290 eam.
676 3227 828 3290 Postremo
841 3248 859 3288 a
874 3249 920 3290 me
934 3239 1095 3310 argentum,

214 3311 518 3391 quentiest„sumito.
1056 3321 1096 3371 20

97 3391 149 3468 Sy.
170 3391 210 3452 Di
222 3393 285 3465 tibi,
297 3394 419 3462 Demea,
430 3411 494 3465 oro,
504 3409 604 3450 omnes
617 3409 731 3470 semper
742 3391 838 3450 omnio
846 3399 951 3470 optate
960 3391 1095 3451 offerant.

97 3471 159 3535 Mi.
180 3473 264 3552 Syre:
277 3471 446 3550 processisti
464 3471 552 3532 hodie
567 3469 699 3548 pulchre.
746 3472 802 3532 De.
817 3473 848 3534 si
863 3471 982 3552 quidem
997 3489 1095 3549 porro,

217 3552 320 3624 Micio,

179 3633 244 3693 Ter.
529 3687 532 3692 .
984 3629 1027 3690 Ο·
