2404 4038
351 222 480 286 ACTUS
500 221 540 286 ss.
566 223 712 286 'sentin
730 225 771 286 11.
1020 237 1060 300 ⁴7

27 433 31 444 ,
61 379 250 438 Concurrunt
263 374 324 438 laeti
337 377 376 436 mi
388 377 505 438 obviam
521 379 700 458 cupedinarii
714 399 825 452 omnen,

61 456 179 526 centii,
192 455 273 529 lanii,
288 457 387 535 coqui,
401 457 534 529 fartorer,
547 462 722 537 piscatores,
735 479 886 539 auoupear

60 537 178 606 Quibus
192 543 223 596 et
235 554 266 594 re
280 535 360 596 salvi
374 545 404 597 et
417 537 532 616 perditi
545 539 721 616 profueram,
735 549 765 599 et
779 556 900 618 prorum
914 557 1004 619 σερε.

59 615 213 686 solatrum
235 614 274 674 ad
286 635 401 676 emnam
416 628 540 686 vooant;
562 619 719 680 adventum
732 621 922 696 gratulentur.

60 695 114 757 iiie
127 695 180 756 nbi
193 694 281 755 miser
287 695 443 756 famelicus
458 697 536 757 videt
550 717 597 757 me
609 718 675 760 eree
686 699 716 757 in
731 708 813 759 tanto
826 701 948 770 honore,

63 776 102 836 Et
124 785 186 836 tam
211 773 298 836 heile
323 777 433 838 vietum
456 796 596 856 querere,
617 777 658 838 ibi
682 779 771 838 homo
791 780 883 859 erepit
902 799 949 840 me
974 779 1062 840 obre·

63 935 105 997 Ut
118 873 289 996 eibiiirderredt
301 935 411 996 discere
425 935 456 997 id
472 935 509 996 de
522 957 588 999 me:
610 937 715 999 aeotari
723 938 820 1016 jureir
1019 866 1059 921 ³0

63 1015 93 1077 Si
111 1013 192 1108 potii
211 1023 266 1108 ert,
286 1023 427 1095 tanquam
448 1017 692 1097 philosophorum
713 1018 825 1080 habeut
845 1016 1010 1098 diroiplinoe
1024 1035 1062 1079 ex

62 1113 361 1252 rooubdbzupamiti
374 1175 446 1238 item
460 1183 494 1238 ut
507 1178 690 1240 Gnathonici
704 1175 855 1240 vocentur.

66 1255 127 1316 Pu.
146 1253 262 1326 Viden',
276 1256 382 1330 otium,
405 1265 438 1318 et
458 1257 543 1318 eibur
561 1259 632 1336 qnid
646 1259 735 1320 faeiat
747 1258 882 1320 alienari
924 1256 984 1318 Gn.
1004 1254 1065 1318 Sed

64 1411 113 1478 Ad
124 1353 365 1476 Thaidbncredbbo
378 1413 537 1489 deducere,
547 1422 579 1476 et
585 1416 711 1494 rogitare
721 1415 761 1474 ed
772 1433 887 1508 eonem
901 1425 935 1476 nt
948 1415 1067 1476 reniati
1083 1485 1085 1488 ¹

66 1493 124 1554 Sed
137 1493 349 1556 Parmenonem
363 1503 431 1556 unte
445 1496 550 1556 ortium
560 1495 685 1558 Thaidis
698 1495 809 1556 tristem
821 1494 918 1566 video,

65 1571 178 1643 Rivalis
193 1593 319 1636 nervum.
348 1575 436 1634 Salva
447 1595 492 1635 ree
504 1585 570 1638 eet:
591 1576 727 1637 nimirum
742 1573 791 1634 hie
803 1573 935 1635 hominen
948 1571 1066 1652 frigent.

65 1653 251 1714 Nebulonem
265 1657 345 1714 huno
359 1663 472 1716 certum
486 1664 531 1716 eet
550 1655 663 1717 ludere.
706 1656 768 1717 Pu.
789 1653 864 1716 Hice
879 1655 936 1716 hou
949 1671 1068 1720 munere

187 1735 365 1796 arbitrantur

65 1814 158 1874 Suam
172 1813 316 1876 Thaidem
329 1833 403 1876 erse.
446 1815 506 1877 Ga.
528 1814 656 1876 Plurimi
670 1813 763 1876 sainte
775 1813 984 1874 Parmenonem

66 1894 221 1954 Summum
234 1913 319 2032 anun}
332 1891 459 1973 impertit
471 1897 606 1956 Gnatho.
646 1895 727 1964 Quid
743 1894 861 1974 agitari
883 1894 945 1954 Pu.
958 1895 1068 1954 Stator.
1133 1929 1135 1940 ·

188 1974 249 2036 (in.
262 1974 299 2032 vi
321 1993 367 2034 eo.
1029 1981 1070 2034 40

65 2053 144 2118 Num
160 2053 299 2132 quidnam
315 2053 394 2132 quod
408 2054 494 2126 nolit,
509 2053 612 2117 'videat
652 2055 714 2116 Po.
727 2053 782 2115 Te.
825 2052 887 2114 Gn.
900 2051 1017 2124 credor
1039 2063 1070 2112 nt

187 2133 328 2213 numquid
343 2134 448 2194 atiudt

67 2213 130 2273 Pa·
152 2212 214 2283 Qui
228 2211 322 2274 dumi
363 2214 424 2276 Gn.
447 2215 524 2285 Quia
546 2217 634 2277 tristis
656 2235 698 2276 ee.
741 2215 803 2276 Pu.
823 2212 905 2274 Nihil
923 2211 1071 2290 equidem.

186 2296 250 2356 Gn.
272 2295 319 2352 Ne
334 2293 390 2356 ais:
413 2296 464 2354 aed
480 2296 551 2372 quid
567 2296 685 2356 videtur

39 2371 138 2436 ‘Hou
160 2371 214 2433 tibi
235 2373 437 2452 mancipiumi
478 2374 539 2434 Pu.
560 2375 629 2434 Non
649 2375 756 2432 maium
777 2371 883 2432 heroie.
927 2370 988 2430 Ga.
1009 2369 1071 2430 Uro

190 2453 347 2516 bominem.
390 2453 451 2512 Pu.
472 2453 515 2513 Ut
528 2453 618 2512 falsus
633 2452 723 2512 animi
738 2452 795 2510 'ati
989 2513 994 2526 ,

69 2531 132 2592 Gn.
155 2531 252 2602 Quhm
271 2535 329 2593 hoo
354 2552 460 2592 munus
478 2543 593 2612 gratum
613 2531 720 2593 Thaidi
742 2529 884 2592 arbitrare
904 2531 991 2592 emet
1012 2530 1073 2590 Pu.

191 2613 260 2674 Hoo
275 2633 352 2674 nuno
365 2614 452 2685 dicia,

67 2691 193 2768 Ejeetos
207 2693 275 2753 hino
289 2713 360 2754 nos:
382 2693 513 2754 omnium
528 2713 635 2768 rerum,
651 2694 734 2763 heus,
749 2691 921 2753 vicissitudo
935 2697 991 2748 est.

69 2771 134 2832 Gra.
156 2772 214 2832 Sex
229 2793 284 2852 ego
296 2784 325 2834 te
336 2773 592 2847 totos,‘Parmeno,
605 2776 659 2834 hoa
672 2785 785 2834 menses
797 2772 927 2850 quietum
938 2765 1073 2837 reddam,

67 2851 118 2912 Ne
132 2870 260 2927 sursum,
274 2854 411 2914 deorsum
426 2855 559 2925 cursitet,
575 2875 645 2914 neve
658 2873 752 2933 usque
766 2854 804 2910 ad
820 2853 916 2910 lucem
932 2847 1044 2925 vigiles.

67 2930 187 3012 Ecquid
195 2929 260 3071 ὲεό
274 2934 326 2993 tei
366 2935 427 2997 Pu.
448 2934 551 2993 Men'i
571 2934 675 3013 papae!
720 2932 779 2992 Gn.
794 2929 845 2992 ste
860 2931 939 2990 eoieo
954 2927 1075 2988 amieos.

229 3031 256 3071 u.
279 3013 394 3073 Laudo.
1037 3028 1041 3034 '

73 3091 135 3151 Gn.
157 3091 288 3152 Detineo
301 3103 332 3153 te
344 3094 488 3154 fortaare:
509 3102 542 3154 tn
558 3092 709 3171 profectus
722 3090 780 3152 alib
794 3088 900 3150 fueras.

71 3170 137 3230 Po.
153 3170 323 3250 Nusquam.
347 3172 408 3232 Gn.
429 3174 505 3234 Tum
520 3183 552 3234 tu
566 3174 654 3252 igitur
665 3171 863 3252 paululumdn
875 3167 945 3229 mihi
957 3185 1076 3246 operte:

170 3251 241 3312 't‘ao
252 3263 285 3312 ut
298 3253 437 3326 admittar
467 3301 477 3312 ,
1000 3253 1002 3258 ’
1037 3255 1077 3309 50

69 3328 118 3389 Ad
130 3328 221 3390 illum.
265 3333 326 3471 Pg.
350 3336 411 3412 Age
426 3331 536 3405 modb;
559 3351 636 3394 nune
650 3333 704 3394 tibi
717 3330 913 3414 patentiores
934 3329 991 3400 hm,
1008 3328 1078 3405 quie

192 3411 280 3472 irtam
317 3414 389 3472 uois.
780 3437 782 3442 ·

73 3486 138 3551 Ga.
159 3488 242 3552 Num
256 3511 344 3570 quem
364 3492 481 3554 evocari
494 3491 562 3555 hino
577 3493 621 3553 vir
634 3493 737 3555 forari
779 3491 839 3553 Pu.
862 3452 939 3561 Sine,
953 3484 1077 3548 biduum

195 3571 253 3634 hoo
266 3581 441 3659 praetereat:
952 3574 955 3578 '
