2404 4038
366 299 494 364 ACTUS
525 301 581 364 1112
624 301 756 364 SCENA
785 298 841 362 ΙΙΙ.
1062 307 1100 363 55

100 453 162 527 Qui
179 455 313 527 haberet,
327 455 379 534 qni
393 455 622 534 parentalium,
638 456 717 514 huno
732 455 858 534 perpeti.

102 539 162 598 Pa.
184 537 263 597 Tace
278 547 321 608 tu,
337 557 425 614 quent
439 557 496 614 ego
509 556 573 598 esre
586 535 662 594 infra
675 533 790 594 infimos
800 533 916 594 omneis
930 542 1004 612 puto

101 619 261 684 Hominear
283 636 351 676 nnm
367 617 417 695 qui
434 617 501 678 hnic
515 616 644 676 animum
659 615 802 674 assentari
812 612 970 684 induxerit,

99 699 124 756 E
137 697 257 758 flammi
267 707 370 775 petere
384 706 412 759 te
426 696 526 756 eibum
542 715 630 772 poore
644 694 780 754 arbitror.

103 779 176 842 Ἠιν.
190 779 293 837 Jamne
308 777 407 836 inruat
440 777 494 836 Tb.
510 776 574 834 Hos
587 774 671 854 priua
685 773 880 845 introducam,
894 781 934 846 et,
947 775 1100 852 quoevoln,

101 858 195 918 Simul
209 858 380 934 imperabo:
403 865 474 936 post
487 854 629 918 contiuub
643 873 726 916 exeo.
1059 864 1100 915 40

103 939 176 998 Tor.
192 939 257 1017 Ego
274 938 341 996 binc
356 939 448 1006 nbeo;
464 945 497 996 tu
510 936 596 996 istam
610 936 756 1013 opperire.
779 935 839 996 Pa.
852 931 941 994 Hand
952 932 1102 1005 oonrenit,

100 1019 168 1078 Uud
181 1018 222 1078 ire
236 1037 304 1076 oum
317 1017 411 1076 amici
423 1017 627 1094 imperatorem
642 1016 672 1076 in
682 1015 738 1074 vit.
1061 1037 1066 1046 ·

105 1099 179 1157 Tbr.
195 1096 276 1166 Quid
292 1097 344 1158 tibi
358 1117 412 1175 ego
428 1097 517 1156 multa
531 1095 654 1156 dicanti
675 1094 787 1156 domini
802 1093 955 1154 similises.

104 1179 166 1238 Gn.
191 1179 252 1250 Ha,
266 1178 315 1318 ¹:1³5
330 1179 376 1238 be.
420 1177 493 1238 rtur.
518 1175 598 1245 Quid
619 1175 713 1236 rideri
757 1175 818 1235 Gn.
839 1177 921 1236 irtuc
934 1172 1103 1252 qnoddbtti

225 1277 274 1318 uro
328 1279 337 1326 ς

101 1341 139 1400 Et
152 1339 225 1398 illud
241 1337 279 1398 de
295 1335 413 1398 Rhodio
428 1335 539 1396 dictum
555 1335 583 1392 iu
599 1343 725 1394 mentem
738 1334 832 1394 venit:

101 1420 162 1480 Sed
177 1418 268 1479 Thais
283 1417 355 1478 exit.
400 1415 471 1476 aar.
494 1413 552 1476 Abi
565 1433 639 1492 prae,
655 1431 751 1482 curre,
767 1423 800 1472 ut
813 1414 870 1472 nint
882 1413 963 1472 domi

100 1501 221 1560 Parata.
264 1499 324 1558 Gn.
341 1496 416 1556 Fiat.
461 1495 515 1555 Tb.
531 1493 705 1570 Diligenter,
726 1492 860 1569 Pythian,

101 1582 162 1640 Fan
177 1597 271 1650 cures,
287 1579 311 1638 si
326 1577 463 1636 Chremes
479 1576 537 1634 huo
549 1572 625 1632 sorti
639 1571 801 1644 advenerit,

102 1661 145 1720 Ut
160 1679 235 1728 ores,
250 1657 375 1736 primbm
391 1666 424 1716 nt
436 1663 569 1714 maneat:
591 1654 617 1712 si
630 1653 660 1712 id
675 1673 734 1712 non
748 1649 937 1712 commodum
951 1659 1008 1722 ert,

103 1742 148 1814 Ut
160 1739 281 1800 redeat:
304 1741 327 1796 si
341 1737 371 1796 id
383 1756 442 1795 nou
459 1733 576 1812 poterit,
589 1731 626 1791 ad
642 1752 687 1792 me
702 1731 852 1792 adducito.
1064 1737 1103 1790 50

105 1821 170 1898 Py.
183 1821 229 1878 lta
242 1818 358 1878 faciam.
400 1816 452 1876 Tb.
468 1814 571 1883 Quidt
593 1813 661 1890 quid
676 1812 755 1872 aliud
769 1813 845 1873 volni
858 1811 982 1872 dicerni

103 1902 208 1969 Ehem,
223 1908 323 1958 curate
338 1898 421 1956 istam
435 1894 592 1969 diligenter
602 1893 754 1970 virginem.

105 1981 196 2040 Domi
211 1979 326 2052 adsitis,
341 1977 438 2037 facite.
477 1975 549 2035 err.
561 1973 677 2032 Eamus.
711 1971 767 2031 Tb.
782 1973 846 2031 Voe
857 1991 904 2032 rne
918 1969 1082 2050 sequimini.

495 2211 626 2274 SCENA
658 2208 713 2272 ΙΙΙ.

288 2353 297 2367 ’
322 2405 329 2418 ι
404 2375 592 2432 canamus.
633 2369 807 2430 Parmos.

107 2541 163 2602 Cb.
185 2541 377 2600 Pttornorn
391 2532 503 2612 quontb
518 2531 610 2610 magia
625 2529 777 2606 magisque
791 2526 902 2606 rogito,

106 2621 253 2681 Nimirum
268 2618 352 2678 dabit
366 2618 429 2676 boeo
443 2613 534 2674 Tbnir
548 2612 617 2674 mibi
633 2629 768 2688 maguum
784 2609 889 2668 maium
904 2628 912 2668 z

106 2703 151 2762 lta
169 2721 213 2760 me
228 2699 313 2760 video
323 2699 366 2756 ab
380 2696 414 2756 ei
426 2695 521 2756 astute
534 2691 743 2752 labefactarier.

107 2783 174 2842 Jam
188 2791 250 2840 tum
265 2798 331 2840 cunr
348 2775 473 2855 primum
484 2774 572 2851 jussit
588 2793 632 2832 me
647 2770 684 2830 ad
699 2789 732 2830 ee
745 2767 903 2835 arcessiri:

108 2863 207 2942 Roget
221 2859 298 2939 quis,
313 2857 385 2936 quid
401 2855 455 2916 tibi
470 2873 538 2912 curn
553 2853 626 2911 ittet
648 2869 684 2908 ne
699 2850 800 2908 nbrurn
815 2848 951 2925 quidem:

108 2943 171 3002 Ubi
185 2941 261 3010 veni,
273 2956 402 3009 oausam,
419 2943 451 2994 nt
465 2933 506 2992 ibi
520 2949 677 2997 manerem,
692 2925 832 3006 repperit.

109 3023 175 3091 nit,
188 3039 250 3080 rem
264 3019 393 3078 divinum
407 3014 523 3084 fecisse,
536 3021 568 3072 et
580 3030 640 3072 rern
654 3007 758 3070 seriam

110 3104 195 3162 Velie
209 3120 297 3182 agere
313 3115 438 3160 nreeunt.
479 3094 545 3153 Janr
559 3099 622 3150 tum
636 3096 700 3148 erat
715 3083 853 3163 suspicio,

111 3184 193 3242 Dolo
208 3181 285 3240 malo
300 3179 364 3238 haec
379 3175 443 3236 fieri
456 3173 575 3234 omnine
598 3174 662 3248 ipse
675 3166 850 3226 accumbere

110 3265 245 3332 Mecum,
259 3259 330 3320 mibi
344 3277 406 3318 sese
420 3255 500 3326 dare,
514 3269 676 3314 sermonem
689 3264 828 3326 quaerere.
1073 3251 1109 3302 10

110 3345 172 3406 Ubi
186 3341 283 3420 friget,
298 3340 357 3400 buc
372 3337 486 3403 evaaitr
508 3331 596 3412 quim
609 3329 722 3409 pridem
735 3332 821 3406 peter

111 3423 189 3486 Mibi
203 3433 234 3483 et
248 3429 342 3482 mater
354 3416 460 3477 mortui
471 3421 590 3474 essent:
612 3410 692 3479 dico,
702 3407 766 3484 jann
781 3405 844 3466 diu.

111 3505 175 3564 Rus
190 3501 274 3562 Sunii
286 3499 403 3578 eoquod
419 3496 569 3565 haberem,
583 3498 614 3552 et
628 3489 716 3569 quim
732 3487 817 3564 longe
831 3505 850 3556 a
862 3482 958 3545 marii

112 3581 214 3646 Credo
229 3583 255 3642 ei
271 3580 385 3660 plaeere
399 3577 475 3638 boe:
497 3581 596 3652 sperat
609 3591 640 3630 se
653 3590 671 3628 a
684 3587 732 3628 me
746 3567 878 3650 avellere.

112 3661 280 3734 Postremi,
295 3677 391 3740 ecqua
404 3657 471 3718 inde
484 3673 574 3735 parra
590 3650 713 3732 perteret
727 3646 831 3708 rorort
