2404 4038
79 293 144 346 ..aa
472 279 720 350 'EUNUCHUS

102 436 220 504 Sincere
233 435 304 510 diui,
319 435 433 516 quidvis
447 455 564 516 possem
579 440 705 518 perpeti.

102 513 164 580 Po.
186 517 336 589 Labascit,
349 516 445 578 vietus
459 537 518 578 uno
532 521 642 580 verbo:
663 537 752 598 quam
765 516 848 579 oitbi

103 596 158 658 rt.
179 596 242 674 Ego
255 616 314 656 non
327 615 364 658 ex
378 593 476 658 animo
489 597 593 660 misera
607 598 699 660 diooi
720 617 807 676 quem
817 597 890 674 joon

99 677 175 738 Rem
190 676 307 736 uoluisti
320 696 338 736 a
351 696 398 738 me
411 676 541 749 tandem,
556 679 627 758 quin
641 675 818 758 perfeceris?
1043 683 1109 740 100

98 757 163 834 Ego
176 756 331 834 impetrare
343 775 459 836 nequeo
473 758 532 818 boe
545 759 599 818 aba
613 765 653 830 te,
667 759 788 818 biduum
925 811 929 818 .

99 835 208 895 Saltem
223 845 256 896 ut
269 835 416 904 nouoedaa
427 837 543 898 solumi
585 833 970 916 postquamdomnus
996 865 997 870 ¹

99 915 209 976 Verum
223 933 259 975 ne
273 915 346 978 fiant
357 915 406 978 isti
420 915 521 992 viginti
534 914 609 976 dies.
680 977 683 980 ,
775 971 777 976 ,
805 971 808 978 .
954 965 957 973 ,

102 993 157 1055 rt.
177 995 318 1056 Profecto
343 1014 402 1058 non
424 996 492 1074 plus
516 993 650 1069 biduum,
671 1003 725 1056 aut
737 1029 818 1042 -—
838 995 904 1057 ΡΙι.
925 993 1010 1056 nott
1024 994 1106 1056 nibil

219 1093 328 1136 moror.
386 1135 388 1140 ,
674 1131 677 1138 ,
910 1107 913 1136 z

102 1151 158 1214 Tr.
179 1155 249 1216 Non
263 1154 336 1216 fiet:
356 1154 415 1215 boo
428 1153 519 1216 modd
533 1154 596 1216 sine
610 1161 639 1216 ts
653 1159 781 1216 exorem.
824 1153 888 1216 Pr.
903 1154 1024 1218 Soilioet

99 1233 281 1374 Fadunssum
296 1243 346 1296 est
361 1233 442 1314 qood
463 1235 524 1296 vis..
561 1235 616 1296 ΤΙι.
642 1234 751 1298 Meritd
771 1252 841 1296 amo
858 1242 899 1296 te.
942 1233 1005 1296 Pb.
1024 1233 1104 1296 bene

231 1333 303 1376 aurs.
535 1371 538 1376 .
618 1377 624 1385 ,

99 1389 162 1452 lius
176 1392 246 1454 ibo:
267 1393 311 1454 ibi
323 1394 381 1454 boo
395 1412 442 1456 me
455 1396 611 1458 macerabo
625 1393 760 1456 biduum.

98 1473 145 1532 lta
157 1471 255 1534 faeere
269 1482 383 1538 certum
394 1483 458 1534 est:
478 1493 543 1534 mos
555 1473 705 1550 gerundus
718 1479 765 1532 est
773 1470 892 1534 Thaidi.

98 1551 158 1624 Tu,
173 1553 326 1624 Parmeno,
337 1555 395 1619 buo
408 1551 457 1612 sao
471 1553 513 1610 illi
526 1552 730 1612 adducantur..
761 1552 823 1613 Po.
838 1552 990 1613 Maxume.

101 1628 166 1690 Pb.
187 1633 221 1690 In
236 1633 292 1690 boo
307 1630 442 1702 biduum,
456 1631 557 1702 Thais,
571 1631 648 1692 vale.
692 1631 749 1692 ΊῚι.
763 1631 808 1690 Mi
821 1631 968 1703 Phaedria,
1044 1639 1104 1692 110

99 1712 139 1769 Et
153 1719 206 1781 ως
228 1709 369 1788 numquid
383 1709 425 1768 ris
438 1709 539 1772 aliudi
581 1709 645 1772 Pt.
659 1711 761 1788 Egone
776 1709 846 1789 quid
861 1711 970 1774 velim?

100 1791 178 1850 Cum
192 1787 284 1848 milite
298 1791 356 1850 isto
364 1803 507 1868 presens,
519 1790 625 1854 absens
640 1798 674 1852 ut
688 1791 765 1861 siea;

100 1868 173 1928 Dies
186 1876 345 1948 noctesque
357 1887 405 1930 me
418 1887 515 1940 amesa
536 1889 583 1932 me
597 1869 746 1940 desideres
758 1892 767 1940 t

100 1945 153 2007 Me
167 1948 315 2018 somniem
335 1969 382 2014 me
394 1958 552 2030 expectes:
574 1949 614 2012 de
627 1969 674 2012 me
688 1950 819 2030 cogitem

100 2027 154 2086 Me
168 2045 288 2106 speres;
310 2049 358 2090 me
373 2030 569 2098 taobieotesr
591 2049 705 2092 meeum
720 2039 784 2090 tota
797 2029 857 2090 sis:

99 2106 189 2167 Meus
203 2107 252 2169 fao
265 2109 302 2168 sis
316 2108 467 2188 postremb
481 2109 607 2180 animus,
622 2109 743 2187 quando
755 2128 811 2188 ego
821 2127 887 2168 sum
900 2116 980 2170 tuus.

101 2186 156 2247 ΊῚι.
177 2185 228 2247 Me
242 2188 396 2250 miseram!
417 2187 540 2250 forsitan
554 2188 602 2248 bio
613 2189 684 2252 mibi
697 2207 815 2266 parvam
828 2186 1052 2259 babeatfidem,

99 2270 199 2346 Atque
211 2286 247 2328 ex
261 2268 384 2328 aliarum
397 2267 519 2346 ingeniis
532 2287 612 2330 nuno
626 2267 810 2346 mejudicet.
844 2303 851 2334 τ
1073 2285 1079 2291 ’

97 2348 161 2428 Ego
176 2348 237 2424 pol,
252 2368 320 2428 quas
335 2348 406 2410 mdsi
420 2367 485 2408 sum
499 2349 630 2422 conscia,
645 2349 702 2410 boo
714 2347 795 2410 certo
810 2347 883 2421 seio.

98 2427 206 2505 Neque
220 2446 267 2486 me
280 2428 397 2505 finxisse
410 2427 475 2488 falsi
489 2429 658 2508 quidquam,
671 2445 768 2505 neque
781 2447 847 2491 meo
992 2456 1001 2467 =
1045 2436 1104 2489 1⁶20

98 2505 190 2570 Cordi
205 2525 267 2566 esse
280 2506 458 2586 quemquam
471 2511 612 2568 cariorem
628 2508 685 2566 boo
699 2506 856 2571 Phaedria:

99 2584 137 2642 Et
151 2583 295 2662 quidquid
309 2587 398 2662 hujus
413 2585 481 2656 ieci,
495 2585 585 2645 cauad
597 2585 716 2663 virginis

99 2664 169 2723 Feci
180 2685 189 2733 ;
209 2683 276 2724 nam
289 2684 337 2724 me
349 2665 414 2742 ejus
428 2684 516 2744 spero
528 2665 649 2726 fratrem
663 2665 878 2744 propemodum

98 2743 165 2804 Jam
179 2745 350 2823 repperisse,
364 2743 580 2806 adolesoentem
594 2745 668 2806 adeb
683 2746 831 2806 nobilem:

99 2824 138 2883 Et
152 2824 175 2882 is
190 2823 277 2884 bodie
292 2825 443 2884 venturum
458 2825 496 2884 ad
511 2844 557 2884 me
570 2825 723 2886 constituit
736 2826 869 2890 domum.

99 2903 267 2966 Concedam
281 2905 349 2967 bino
363 2905 450 2976 intrb,
463 2915 553 2984 atque
567 2906 758 2984 exspectabo,
771 2906 841 2966 dum
855 2905 944 2966 venit.

313 3096 316 3102 ’
371 3103 526 3191 Aenus
546 3130 587 3192 11.
629 3131 781 3192 senui
805 3133 830 3192 1.

290 3281 292 3289 “
387 3284 576 3347 Pumnnsa.
617 3285 810 3346 Parammon.

101 3431 162 3493 Pt.
185 3432 265 3503 ric,
281 3432 321 3492 ita
335 3433 474 3511 utjussi3
497 3436 683 3500 deducantur
697 3437 757 3501 isti.
793 3437 854 3506 Po.
871 3437 999 3502 Faciam.
1035 3438 1102 3500 ΡΙι.

221 3516 261 3572 At
275 3511 435 3592 diligenter.
