<?xml version="1.0" encoding="UTF-8"?>
<!DOCTYPE html PUBLIC "-//W3C//DTD XHTML 1.0 Transitional//EN"
    "http://www.w3.org/TR/xhtml1/DTD/xhtml1-transitional.dtd">
<html xmlns="http://www.w3.org/1999/xhtml" xml:lang="en" lang="en">
 <head>
  <title>
</title>
<meta http-equiv="Content-Type" content="text/html;charset=utf-8" />
  <meta name='ocr-system' content='tesseract 3.04.00' />
  <meta name='ocr-capabilities' content='ocr_page ocr_carea ocr_par ocr_line ocrx_word'/>
</head>
<body>
  <div class='ocr_page' id='page_1' title='image "./publiiterentiia05teregoog_0155.png"; bbox 0 0 2404 4038; ppageno 0'>
   <div class='ocr_carea' id='block_1_1' title="bbox 101 241 708 305">
    <p class='ocr_par' dir='ltr' id='par_1_1' title="bbox 101 241 708 305">
     <span class='ocr_line' id='line_1_1' title="bbox 101 241 708 305; baseline 0.008 -5"><span class='ocrx_word' id='word_1_1' title='bbox 101 249 159 303; x_wconf 79' lang='lat'>138</span> <span class='ocrx_word' id='word_1_2' title='bbox 518 241 708 305; x_wconf 78' lang='lat' dir='ltr'><strong>ADELPHI.</strong></span> 
     </span>
    </p>
   </div>
   <div class='ocr_carea' id='block_1_2' title="bbox 52 395 1196 2406">
    <p class='ocr_par' dir='ltr' id='par_1_2' title="bbox 52 395 1196 2406">
     <span class='ocr_line' id='line_1_2' title="bbox 105 395 955 480; baseline 0.005 -26"><span class='ocrx_word' id='word_1_3' title='bbox 105 396 174 454; x_wconf 87' lang='lat' dir='ltr'>Non</span> <span class='ocrx_word' id='word_1_4' title='bbox 188 395 287 456; x_wconf 81' lang='lat' dir='ltr'>lacere</span> <span class='ocrx_word' id='word_1_5' title='bbox 303 397 397 466; x_wconf 89' lang='lat' dir='ltr'>vobis,</span> <span class='ocrx_word' id='word_1_6' title='bbox 413 415 479 473; x_wconf 79' lang='lat' dir='ltr'>quoe</span> <span class='ocrx_word' id='word_1_7' title='bbox 494 397 584 457; x_wconf 76' lang='lat' dir='ltr'>modo</span> <span class='ocrx_word' id='word_1_8' title='bbox 598 399 693 459; x_wconf 76' lang='lat' dir='ltr'>dixti:</span> <span class='ocrx_word' id='word_1_9' title='bbox 715 407 756 472; x_wconf 83' lang='lat' dir='ltr'>et,</span> <span class='ocrx_word' id='word_1_10' title='bbox 771 399 852 478; x_wconf 87' lang='lat' dir='ltr'>quod</span> <span class='ocrx_word' id='word_1_11' title='bbox 866 419 955 480; x_wconf 87' lang='lat' dir='ltr'>queo,</span> 
     </span>
     <span class='ocr_line' id='line_1_3' title="bbox 106 477 1109 558; baseline 0.01 -24"><span class='ocrx_word' id='word_1_12' title='bbox 106 477 261 536; x_wconf 78' lang='lat' dir='ltr'>Conservis</span> <span class='ocrx_word' id='word_1_13' title='bbox 275 478 312 537; x_wconf 83' lang='lat' dir='ltr'>ed</span> <span class='ocrx_word' id='word_1_14' title='bbox 326 477 453 537; x_wconf 87' lang='lat' dir='ltr'>eundem</span> <span class='ocrx_word' id='word_1_15' title='bbox 467 477 563 537; x_wconf 76' lang='lat' dir='ltr'>istunc</span> <span class='ocrx_word' id='word_1_16' title='bbox 577 479 719 558; x_wconf 79' lang='lat' dir='ltr'>praeeipio</span> <span class='ocrx_word' id='word_1_17' title='bbox 734 483 871 540; x_wconf 84' lang='lat' dir='ltr'>modum:</span> <span class='ocrx_word' id='word_1_18' title='bbox 1066 492 1109 552; x_wconf 86' lang='grc'>70</span> 
     </span>
     <span class='ocr_line' id='line_1_4' title="bbox 52 557 1192 640; baseline 0.008 -26"><span class='ocrx_word' id='word_1_19' title='bbox 52 593 54 597; x_wconf 66' lang='lat'>,</span> <span class='ocrx_word' id='word_1_20' title='bbox 106 557 174 616; x_wconf 87' lang='lat' dir='ltr'>Hoc</span> <span class='ocrx_word' id='word_1_21' title='bbox 189 558 296 617; x_wconf 76' lang='lat' dir='ltr'>salsum</span> <span class='ocrx_word' id='word_1_22' title='bbox 312 559 368 626; x_wconf 72' lang='grc' dir='ltr'>ἐις</span> <span class='ocrx_word' id='word_1_23' title='bbox 387 559 455 618; x_wconf 75' lang='lat' dir='ltr'>hoc</span> <span class='ocrx_word' id='word_1_24' title='bbox 469 558 606 618; x_wconf 74' lang='lat' dir='ltr'>adustum</span> <span class='ocrx_word' id='word_1_25' title='bbox 621 559 677 629; x_wconf 68' lang='lat' dir='ltr'>&#39;ete</span> <span class='ocrx_word' id='word_1_26' title='bbox 700 561 757 620; x_wconf 88' lang='lat' dir='ltr'>lroo</span> <span class='ocrx_word' id='word_1_27' title='bbox 770 561 883 621; x_wconf 76' lang='lat' dir='ltr'>leolum</span> <span class='ocrx_word' id='word_1_28' title='bbox 897 561 933 622; x_wconf 78' lang='lat' dir='ltr'>&#39;ol</span> <span class='ocrx_word' id='word_1_29' title='bbox 947 581 1064 640; x_wconf 75' lang='lat' dir='ltr'>perum,</span> <span class='ocrx_word' id='word_1_30' title='bbox 1191 591 1192 606; x_wconf 67' lang='lat'>2</span> 
     </span>
     <span class='ocr_line' id='line_1_5' title="bbox 105 637 792 701; baseline 0.01 -8"><span class='ocrx_word' id='word_1_31' title='bbox 105 637 183 696; x_wconf 89' lang='lat' dir='ltr'>lllud</span> <span class='ocrx_word' id='word_1_32' title='bbox 197 639 277 697; x_wconf 70' lang='lat' dir='ltr'>recle</span> <span class='ocrx_word' id='word_1_33' title='bbox 291 655 299 695; x_wconf 77' lang='grc' dir='ltr'><strong><em>ε</em></strong></span> <span class='ocrx_word' id='word_1_34' title='bbox 321 639 426 698; x_wconf 84' lang='lat' dir='ltr'>ilerum</span> <span class='ocrx_word' id='word_1_35' title='bbox 440 640 482 698; x_wconf 77' lang='lat' dir='ltr'>sic</span> <span class='ocrx_word' id='word_1_36' title='bbox 498 647 663 700; x_wconf 82' lang='lat' dir='ltr'>memento:</span> <span class='ocrx_word' id='word_1_37' title='bbox 686 641 792 701; x_wconf 77' lang='lat' dir='ltr'>eeduld</span> 
     </span>
     <span class='ocr_line' id='line_1_6' title="bbox 105 715 770 798; baseline 0.009 -23"><span class='ocrx_word' id='word_1_38' title='bbox 105 715 228 789; x_wconf 58' lang='lat' dir='ltr'>Moneo</span> <span class='ocrx_word' id='word_1_39' title='bbox 240 737 307 796; x_wconf 81' lang='lat' dir='ltr'>quae</span> <span class='ocrx_word' id='word_1_40' title='bbox 320 739 453 796; x_wconf 81' lang='lat' dir='ltr'>porsum,</span> <span class='ocrx_word' id='word_1_41' title='bbox 467 735 521 798; x_wconf 89' lang='lat' dir='ltr'>pro</span> <span class='ocrx_word' id='word_1_42' title='bbox 536 719 601 778; x_wconf 79' lang='lat' dir='ltr'>med</span> <span class='ocrx_word' id='word_1_43' title='bbox 615 719 770 797; x_wconf 76' lang='lat' dir='ltr'>repientil.</span> 
     </span>
     <span class='ocr_line' id='line_1_7' title="bbox 104 798 968 878; baseline 0.006 -22"><span class='ocrx_word' id='word_1_44' title='bbox 104 798 270 870; x_wconf 54' lang='lat' dir='ltr'>Postremo</span> <span class='ocrx_word' id='word_1_45' title='bbox 284 809 424 878; x_wconf 75' lang='lat' dir='ltr'><strong>tanquam</strong></span> <span class='ocrx_word' id='word_1_46' title='bbox 438 800 468 857; x_wconf 88' lang='lat' dir='ltr'>io</span> <span class='ocrx_word' id='word_1_47' title='bbox 482 801 646 877; x_wconf 76' lang='lat' dir='ltr'>speculum,</span> <span class='ocrx_word' id='word_1_48' title='bbox 660 800 690 858; x_wconf 93' lang='lat' dir='ltr'>in</span> <span class='ocrx_word' id='word_1_49' title='bbox 703 801 830 878; x_wconf 81' lang='lat' dir='ltr'>polinas,</span> <span class='ocrx_word' id='word_1_50' title='bbox 845 801 968 875; x_wconf 84' lang='lat' dir='ltr'>Demea,</span> 
     </span>
     <span class='ocr_line' id='line_1_8' title="bbox 104 877 891 957; baseline 0.006 -21"><span class='ocrx_word' id='word_1_51' title='bbox 104 877 252 957; x_wconf 80' lang='lat' dir='ltr'><strong>Inspicere</strong></span> <span class='ocrx_word' id='word_1_52' title='bbox 260 880 366 956; x_wconf 87' lang='lat' dir='ltr'>jubeo,</span> <span class='ocrx_word' id='word_1_53' title='bbox 382 888 413 939; x_wconf 90' lang='lat' dir='ltr'>et</span> <span class='ocrx_word' id='word_1_54' title='bbox 426 899 543 949; x_wconf 82' lang='lat' dir='ltr'>moneo,</span> <span class='ocrx_word' id='word_1_55' title='bbox 559 879 630 956; x_wconf 86' lang='lat' dir='ltr'>quid</span> <span class='ocrx_word' id='word_1_56' title='bbox 646 880 726 940; x_wconf 73' lang='lat' dir='ltr'>frelo</span> <span class='ocrx_word' id='word_1_57' title='bbox 741 901 811 940; x_wconf 79' lang='lat' dir='ltr'>usur</span> <span class='ocrx_word' id='word_1_58' title='bbox 824 881 891 941; x_wconf 88' lang='lat' dir='ltr'>siet.</span> 
     </span>
     <span class='ocr_line' id='line_1_9' title="bbox 103 957 807 1037; baseline 0.01 -22"><span class='ocrx_word' id='word_1_59' title='bbox 103 957 210 1036; x_wconf 71' lang='lat' dir='ltr'>Inepte</span> <span class='ocrx_word' id='word_1_60' title='bbox 225 959 289 1019; x_wconf 84' lang='lat' dir='ltr'>haeo</span> <span class='ocrx_word' id='word_1_61' title='bbox 302 979 377 1032; x_wconf 83' lang='lat' dir='ltr'>esse,</span> <span class='ocrx_word' id='word_1_62' title='bbox 392 979 446 1018; x_wconf 83' lang='lat' dir='ltr'>nos</span> <span class='ocrx_word' id='word_1_63' title='bbox 460 979 528 1037; x_wconf 80' lang='lat' dir='ltr'>quae</span> <span class='ocrx_word' id='word_1_64' title='bbox 541 959 677 1029; x_wconf 71' lang='lat' dir='ltr'>facimus,</span> <span class='ocrx_word' id='word_1_65' title='bbox 692 962 807 1022; x_wconf 82' lang='lat' dir='ltr'>sertio:</span> 
     </span>
     <span class='ocr_line' id='line_1_10' title="bbox 103 1039 930 1121; baseline 0.008 -27"><span class='ocrx_word' id='word_1_66' title='bbox 103 1039 211 1098; x_wconf 86' lang='lat' dir='ltr'>Verdm</span> <span class='ocrx_word' id='word_1_67' title='bbox 226 1040 299 1118; x_wconf 88' lang='lat' dir='ltr'>quid</span> <span class='ocrx_word' id='word_1_68' title='bbox 312 1039 425 1100; x_wconf 77' lang='lat' dir='ltr'>socias!</span> <span class='ocrx_word' id='word_1_69' title='bbox 447 1051 479 1098; x_wconf 87' lang='lat' dir='ltr'>ut</span> <span class='ocrx_word' id='word_1_70' title='bbox 494 1040 582 1098; x_wconf 88' lang='lat' dir='ltr'>homo</span> <span class='ocrx_word' id='word_1_71' title='bbox 596 1043 641 1110; x_wconf 69' lang='grc' dir='ltr'>ἐι,</span> <span class='ocrx_word' id='word_1_72' title='bbox 656 1039 698 1099; x_wconf 79' lang='lat' dir='ltr'>ita</span> <span class='ocrx_word' id='word_1_73' title='bbox 712 1061 822 1114; x_wconf 77' lang='lat' dir='ltr'>morem</span> <span class='ocrx_word' id='word_1_74' title='bbox 837 1061 930 1121; x_wconf 77' lang='lat' dir='ltr'>geras.</span> 
     </span>
     <span class='ocr_line' id='line_1_11' title="bbox 103 1117 940 1195; baseline 0.008 -20"><span class='ocrx_word' id='word_1_75' title='bbox 103 1117 256 1195; x_wconf 85' lang='lat' dir='ltr'>Numquid</span> <span class='ocrx_word' id='word_1_76' title='bbox 269 1121 350 1180; x_wconf 51' lang='lat' dir='ltr'>viel¹</span> <span class='ocrx_word' id='word_1_77' title='bbox 377 1122 436 1181; x_wconf 81' lang='lat' dir='ltr'>De·</span> <span class='ocrx_word' id='word_1_78' title='bbox 459 1122 591 1180; x_wconf 78' lang='lat' dir='ltr'><strong>Mentem</strong></span> <span class='ocrx_word' id='word_1_79' title='bbox 605 1121 692 1181; x_wconf 79' lang='lat' dir='ltr'>vobis</span> <span class='ocrx_word' id='word_1_80' title='bbox 703 1121 851 1182; x_wconf 77' lang='lat' dir='ltr'>meliorem</span> <span class='ocrx_word' id='word_1_81' title='bbox 866 1121 940 1182; x_wconf 80' lang='lat' dir='ltr'>dori.</span> 
     </span>
     <span class='ocr_line' id='line_1_12' title="bbox 105 1197 1108 1281; baseline 0.005 -23"><span class='ocrx_word' id='word_1_82' title='bbox 105 1197 157 1276; x_wconf 74' lang='lat' dir='ltr'>Sy.</span> <span class='ocrx_word' id='word_1_83' title='bbox 178 1201 224 1259; x_wconf 87' lang='lat' dir='ltr'>Tu</span> <span class='ocrx_word' id='word_1_84' title='bbox 239 1220 288 1260; x_wconf 84' lang='lat' dir='ltr'>rus</span> <span class='ocrx_word' id='word_1_85' title='bbox 310 1201 380 1261; x_wconf 89' lang='lat' dir='ltr'>hino</span> <span class='ocrx_word' id='word_1_86' title='bbox 394 1200 481 1262; x_wconf 78' lang='lat' dir='ltr'>ebisl</span> <span class='ocrx_word' id='word_1_87' title='bbox 524 1202 584 1262; x_wconf 79' lang='lat' dir='ltr'>De.</span> <span class='ocrx_word' id='word_1_88' title='bbox 604 1199 707 1262; x_wconf 75' lang='lat' dir='ltr'>Reold.</span> <span class='ocrx_word' id='word_1_89' title='bbox 750 1201 802 1280; x_wconf 79' lang='lat' dir='ltr'>Sy.</span> <span class='ocrx_word' id='word_1_90' title='bbox 824 1201 901 1263; x_wconf 81' lang='lat' dir='ltr'>Nero</span> <span class='ocrx_word' id='word_1_91' title='bbox 917 1203 988 1281; x_wconf 91' lang='lat' dir='ltr'>quid</span> <span class='ocrx_word' id='word_1_92' title='bbox 1002 1210 1036 1277; x_wconf 64' lang='lat' dir='ltr'>ln</span> <span class='ocrx_word' id='word_1_93' title='bbox 1054 1204 1108 1264; x_wconf 84' lang='lat' dir='ltr'>hle</span> 
     </span>
     <span class='ocr_line' id='line_1_13' title="bbox 223 1301 743 1352; baseline 0.008 -13"><span class='ocrx_word' id='word_1_94' title='bbox 223 1301 239 1339; x_wconf 87' lang='lat' dir='ltr'>o</span> <span class='ocrx_word' id='word_1_95' title='bbox 280 1301 301 1352; x_wconf 81' lang='lat' dir='ltr'>r,</span> <span class='ocrx_word' id='word_1_96' title='bbox 739 1323 743 1328; x_wconf 84' lang='lat'><em>·</em></span> 
     </span>
     <span class='ocr_line' id='line_1_14' title="bbox 103 1301 1109 1442; baseline 0.008 -25"><span class='ocrx_word' id='word_1_97' title='bbox 103 1359 172 1431; x_wconf 85' lang='lat' dir='ltr'><strong>Ubi,</strong></span> <span class='ocrx_word' id='word_1_98' title='bbox 188 1360 213 1419; x_wconf 81' lang='lat' dir='ltr'>ei</span> <span class='ocrx_word' id='word_1_99' title='bbox 225 1301 295 1440; x_wconf 70' lang='lat' dir='ltr'>qidd</span> <span class='ocrx_word' id='word_1_100' title='bbox 309 1362 383 1422; x_wconf 85' lang='lat' dir='ltr'>bene</span> <span class='ocrx_word' id='word_1_101' title='bbox 398 1363 564 1441; x_wconf 77' lang='lat' dir='ltr'>praeeipirs‚</span> <span class='ocrx_word' id='word_1_102' title='bbox 579 1381 667 1422; x_wconf 86' lang='lat' dir='ltr'>nemo</span> <span class='ocrx_word' id='word_1_103' title='bbox 681 1363 887 1442; x_wconf 79' lang='lat' dir='ltr'>obtemperetl</span> <span class='ocrx_word' id='word_1_104' title='bbox 1067 1375 1109 1425; x_wconf 85' lang='lat'>80</span> 
     </span>
     <span class='ocr_line' id='line_1_15' title="bbox 103 1440 1109 1521; baseline 0.007 -24"><span class='ocrx_word' id='word_1_105' title='bbox 103 1440 164 1500; x_wconf 85' lang='lat' dir='ltr'>De.</span> <span class='ocrx_word' id='word_1_106' title='bbox 173 1441 235 1520; x_wconf 88' lang='lat' dir='ltr'>Ego</span> <span class='ocrx_word' id='word_1_107' title='bbox 246 1443 316 1502; x_wconf 83' lang='lat' dir='ltr'>verd</span> <span class='ocrx_word' id='word_1_108' title='bbox 328 1443 395 1502; x_wconf 81' lang='lat' dir='ltr'>hino</span> <span class='ocrx_word' id='word_1_109' title='bbox 406 1443 492 1514; x_wconf 79' lang='lat' dir='ltr'>obeo,</span> <span class='ocrx_word' id='word_1_110' title='bbox 504 1443 624 1521; x_wconf 79' lang='lat' dir='ltr'>quando</span> <span class='ocrx_word' id='word_1_111' title='bbox 638 1443 673 1513; x_wconf 85' lang='lat' dir='ltr'>is,</span> <span class='ocrx_word' id='word_1_112' title='bbox 681 1444 873 1521; x_wconf 83' lang='lat' dir='ltr'>quamobrem</span> <span class='ocrx_word' id='word_1_113' title='bbox 888 1445 945 1505; x_wconf 87' lang='lat' dir='ltr'>hue</span> <span class='ocrx_word' id='word_1_114' title='bbox 957 1463 1109 1517; x_wconf 80' lang='lat' dir='ltr'>veneram,</span> 
     </span>
     <span class='ocr_line' id='line_1_16' title="bbox 102 1519 901 1585; baseline 0.01 -8"><span class='ocrx_word' id='word_1_115' title='bbox 102 1519 165 1580; x_wconf 81' lang='lat' dir='ltr'>Rus</span> <span class='ocrx_word' id='word_1_116' title='bbox 180 1523 269 1582; x_wconf 79' lang='lat' dir='ltr'>abiit:</span> <span class='ocrx_word' id='word_1_117' title='bbox 290 1524 369 1582; x_wconf 86' lang='lat' dir='ltr'>illum</span> <span class='ocrx_word' id='word_1_118' title='bbox 386 1541 457 1582; x_wconf 85' lang='lat' dir='ltr'>euro</span> <span class='ocrx_word' id='word_1_119' title='bbox 473 1540 583 1581; x_wconf 80' lang='lat' dir='ltr'><strong>unum:</strong></span> <span class='ocrx_word' id='word_1_120' title='bbox 605 1523 654 1581; x_wconf 93' lang='lat' dir='ltr'>ille</span> <span class='ocrx_word' id='word_1_121' title='bbox 671 1523 708 1582; x_wconf 79' lang='lat' dir='ltr'>ad</span> <span class='ocrx_word' id='word_1_122' title='bbox 725 1543 771 1582; x_wconf 86' lang='lat' dir='ltr'>me</span> <span class='ocrx_word' id='word_1_123' title='bbox 784 1525 901 1585; x_wconf 74' lang='lat' dir='ltr'>attinet.</span> 
     </span>
     <span class='ocr_line' id='line_1_17' title="bbox 102 1599 817 1677; baseline 0.01 -19"><span class='ocrx_word' id='word_1_124' title='bbox 102 1599 230 1668; x_wconf 80' lang='lat' dir='ltr'><strong>Quando</strong></span> <span class='ocrx_word' id='word_1_125' title='bbox 243 1604 287 1661; x_wconf 83' lang='lat' dir='ltr'>ite</span> <span class='ocrx_word' id='word_1_126' title='bbox 300 1604 362 1662; x_wconf 88' lang='lat' dir='ltr'>volt</span> <span class='ocrx_word' id='word_1_127' title='bbox 372 1603 469 1672; x_wconf 81' lang='lat' dir='ltr'>freter,</span> <span class='ocrx_word' id='word_1_128' title='bbox 483 1602 522 1661; x_wconf 84' lang='lat' dir='ltr'>de</span> <span class='ocrx_word' id='word_1_129' title='bbox 536 1603 612 1661; x_wconf 81' lang='lat' dir='ltr'>istoc</span> <span class='ocrx_word' id='word_1_130' title='bbox 624 1603 686 1677; x_wconf 85' lang='lat' dir='ltr'>ipse</span> <span class='ocrx_word' id='word_1_131' title='bbox 700 1603 817 1665; x_wconf 88' lang='lat' dir='ltr'>viderit.</span> 
     </span>
     <span class='ocr_line' id='line_1_18' title="bbox 103 1681 1006 1765; baseline 0.009 -27"><span class='ocrx_word' id='word_1_132' title='bbox 103 1681 161 1739; x_wconf 89' lang='lat' dir='ltr'>Sed</span> <span class='ocrx_word' id='word_1_133' title='bbox 176 1683 244 1759; x_wconf 90' lang='lat' dir='ltr'>quis</span> <span class='ocrx_word' id='word_1_134' title='bbox 257 1681 316 1741; x_wconf 93' lang='lat' dir='ltr'>illio</span> <span class='ocrx_word' id='word_1_135' title='bbox 330 1693 383 1751; x_wconf 83' lang='lat' dir='ltr'>est,</span> <span class='ocrx_word' id='word_1_136' title='bbox 399 1682 503 1758; x_wconf 87' lang='lat' dir='ltr'>procul</span> <span class='ocrx_word' id='word_1_137' title='bbox 516 1701 604 1758; x_wconf 89' lang='lat' dir='ltr'>quem</span> <span class='ocrx_word' id='word_1_138' title='bbox 620 1682 728 1742; x_wconf 85' lang='lat' dir='ltr'>videol</span> <span class='ocrx_word' id='word_1_139' title='bbox 742 1696 822 1744; x_wconf 81' lang='lat' dir='ltr'>estne</span> <span class='ocrx_word' id='word_1_140' title='bbox 838 1685 885 1744; x_wconf 90' lang='lat' dir='ltr'>hic</span> <span class='ocrx_word' id='word_1_141' title='bbox 900 1685 1006 1765; x_wconf 78' lang='lat' dir='ltr'>Hegio,</span> 
     </span>
     <span class='ocr_line' id='line_1_19' title="bbox 101 1758 926 1835; baseline 0.011 -19"><span class='ocrx_word' id='word_1_142' title='bbox 101 1758 230 1820; x_wconf 86' lang='lat' dir='ltr'>Tribulis</span> <span class='ocrx_word' id='word_1_143' title='bbox 244 1764 363 1822; x_wconf 67' lang='lat' dir='ltr'>noster?</span> <span class='ocrx_word' id='word_1_144' title='bbox 384 1763 409 1820; x_wconf 81' lang='grc' dir='ltr'>εἰ</span> <span class='ocrx_word' id='word_1_145' title='bbox 423 1762 492 1821; x_wconf 78' lang='lat' dir='ltr'>satis</span> <span class='ocrx_word' id='word_1_146' title='bbox 505 1781 606 1835; x_wconf 73' lang='lat' dir='ltr'>cerno,</span> <span class='ocrx_word' id='word_1_147' title='bbox 621 1761 646 1820; x_wconf 86' lang='lat' dir='ltr'>is</span> <span class='ocrx_word' id='word_1_148' title='bbox 661 1763 759 1824; x_wconf 87' lang='lat' dir='ltr'>lrercle</span> <span class='ocrx_word' id='word_1_149' title='bbox 773 1765 829 1823; x_wconf 75' lang='lat' dir='ltr'>’stt</span> <span class='ocrx_word' id='word_1_150' title='bbox 852 1765 926 1825; x_wconf 72' lang='lat' dir='ltr'>vahl</span> 
     </span>
     <span class='ocr_line' id='line_1_20' title="bbox 101 1840 921 1920; baseline 0.009 -23"><span class='ocrx_word' id='word_1_151' title='bbox 101 1840 200 1900; x_wconf 87' lang='lat' dir='ltr'><strong>Homo</strong></span> <span class='ocrx_word' id='word_1_152' title='bbox 214 1841 326 1899; x_wconf 81' lang='lat' dir='ltr'>amicos</span> <span class='ocrx_word' id='word_1_153' title='bbox 340 1842 426 1900; x_wconf 80' lang='lat' dir='ltr'>nobie</span> <span class='ocrx_word' id='word_1_154' title='bbox 435 1841 499 1918; x_wconf 80' lang='lat' dir='ltr'>jorn</span> <span class='ocrx_word' id='word_1_155' title='bbox 511 1841 579 1900; x_wconf 86' lang='lat' dir='ltr'>inde</span> <span class='ocrx_word' id='word_1_156' title='bbox 593 1861 609 1900; x_wconf 83' lang='lat' dir='ltr'>e</span> <span class='ocrx_word' id='word_1_157' title='bbox 624 1862 726 1920; x_wconf 85' lang='lat' dir='ltr'>puero.</span> <span class='ocrx_word' id='word_1_158' title='bbox 768 1845 817 1904; x_wconf 90' lang='lat' dir='ltr'>Dii</span> <span class='ocrx_word' id='word_1_159' title='bbox 832 1844 921 1905; x_wconf 89' lang='lat' dir='ltr'>boni!</span> 
     </span>
     <span class='ocr_line' id='line_1_21' title="bbox 102 1920 741 1998; baseline 0.008 -21"><span class='ocrx_word' id='word_1_160' title='bbox 102 1920 159 1978; x_wconf 87' lang='lat' dir='ltr'>Nae</span> <span class='ocrx_word' id='word_1_161' title='bbox 173 1920 332 1981; x_wconf 87' lang='lat' dir='ltr'>illiusmodi</span> <span class='ocrx_word' id='word_1_162' title='bbox 341 1921 404 1998; x_wconf 80' lang='lat' dir='ltr'>jam</span> <span class='ocrx_word' id='word_1_163' title='bbox 417 1921 502 1981; x_wconf 78' lang='lat' dir='ltr'>nobis</span> <span class='ocrx_word' id='word_1_164' title='bbox 517 1938 622 1996; x_wconf 77' lang='lat' dir='ltr'>magna</span> <span class='ocrx_word' id='word_1_165' title='bbox 633 1923 741 1982; x_wconf 86' lang='lat' dir='ltr'>civium</span> 
     </span>
     <span class='ocr_line' id='line_1_22' title="bbox 103 2001 805 2080; baseline 0.01 -23"><span class='ocrx_word' id='word_1_166' title='bbox 103 2001 228 2060; x_wconf 80' lang='lat' dir='ltr'>Penuria</span> <span class='ocrx_word' id='word_1_167' title='bbox 242 2002 295 2062; x_wconf 87' lang='lat' dir='ltr'><strong>’st:</strong></span> <span class='ocrx_word' id='word_1_168' title='bbox 318 2003 408 2064; x_wconf 90' lang='lat' dir='ltr'>homo</span> <span class='ocrx_word' id='word_1_169' title='bbox 422 2001 540 2080; x_wconf 69' lang='lat' dir='ltr'>antiquit</span> <span class='ocrx_word' id='word_1_170' title='bbox 553 2003 670 2073; x_wconf 83' lang='lat' dir='ltr'>virtute,</span> <span class='ocrx_word' id='word_1_171' title='bbox 686 2003 805 2064; x_wconf 83' lang='lat' dir='ltr'>aclide.</span> 
     </span>
     <span class='ocr_line' id='line_1_23' title="bbox 101 2080 1196 2162; baseline 0.008 -25"><span class='ocrx_word' id='word_1_172' title='bbox 101 2080 189 2140; x_wconf 79' lang='lat' dir='ltr'>Haud</span> <span class='ocrx_word' id='word_1_173' title='bbox 205 2082 265 2142; x_wconf 80' lang='lat' dir='ltr'>cito</span> <span class='ocrx_word' id='word_1_174' title='bbox 280 2084 348 2142; x_wconf 82' lang='lat' dir='ltr'>meli</span> <span class='ocrx_word' id='word_1_175' title='bbox 361 2083 432 2162; x_wconf 91' lang='lat' dir='ltr'>quid</span> <span class='ocrx_word' id='word_1_176' title='bbox 448 2093 543 2161; x_wconf 80' lang='lat' dir='ltr'>ortum</span> <span class='ocrx_word' id='word_1_177' title='bbox 557 2103 595 2142; x_wconf 82' lang='lat' dir='ltr'>ex</span> <span class='ocrx_word' id='word_1_178' title='bbox 609 2085 666 2142; x_wconf 87' lang='lat' dir='ltr'>hoc</span> <span class='ocrx_word' id='word_1_179' title='bbox 679 2084 715 2142; x_wconf 84' lang='lat' dir='ltr'>sil</span> <span class='ocrx_word' id='word_1_180' title='bbox 729 2083 860 2159; x_wconf 75' lang='lat' dir='ltr'>publice.</span> <span class='ocrx_word' id='word_1_181' title='bbox 1195 2139 1196 2154; x_wconf 66' lang='grc'>,</span> 
     </span>
     <span class='ocr_line' id='line_1_24' title="bbox 103 2161 1196 2242; baseline 0.006 -23"><span class='ocrx_word' id='word_1_182' title='bbox 103 2161 200 2229; x_wconf 74' lang='lat' dir='ltr'>Qudm</span> <span class='ocrx_word' id='word_1_183' title='bbox 216 2163 342 2242; x_wconf 82' lang='lat' dir='ltr'>gaudeo,</span> <span class='ocrx_word' id='word_1_184' title='bbox 357 2165 409 2222; x_wconf 86' lang='lat' dir='ltr'>ubi</span> <span class='ocrx_word' id='word_1_185' title='bbox 422 2165 508 2223; x_wconf 83' lang='lat' dir='ltr'>etiam</span> <span class='ocrx_word' id='word_1_186' title='bbox 525 2163 611 2239; x_wconf 88' lang='lat' dir='ltr'>hujus</span> <span class='ocrx_word' id='word_1_187' title='bbox 625 2164 739 2241; x_wconf 77' lang='lat' dir='ltr'>generis</span> <span class='ocrx_word' id='word_1_188' title='bbox 754 2164 891 2242; x_wconf 78' lang='lat' dir='ltr'>reliquiae</span> <span class='ocrx_word' id='word_1_189' title='bbox 1063 2177 1111 2239; x_wconf 86' lang='lat'>90</span> <span class='ocrx_word' id='word_1_190' title='bbox 1195 2221 1196 2238; x_wconf 61' lang='grc'>,</span> 
     </span>
     <span class='ocr_line' id='line_1_25' title="bbox 102 2242 860 2305; baseline 0.007 -5"><span class='ocrx_word' id='word_1_191' title='bbox 102 2242 223 2305; x_wconf 74' lang='lat' dir='ltr'>Restare</span> <span class='ocrx_word' id='word_1_192' title='bbox 238 2245 340 2305; x_wconf 86' lang='lat' dir='ltr'>video!</span> <span class='ocrx_word' id='word_1_193' title='bbox 362 2245 441 2305; x_wconf 76' lang='lat' dir='ltr'>veli!</span> <span class='ocrx_word' id='word_1_194' title='bbox 463 2243 558 2303; x_wconf 86' lang='lat' dir='ltr'>vivere</span> <span class='ocrx_word' id='word_1_195' title='bbox 573 2245 661 2304; x_wconf 79' lang='lat' dir='ltr'>etiem</span> <span class='ocrx_word' id='word_1_196' title='bbox 677 2263 753 2304; x_wconf 86' lang='lat' dir='ltr'>nunc</span> <span class='ocrx_word' id='word_1_197' title='bbox 767 2244 860 2305; x_wconf 73' lang='lat' dir='ltr'>luber.</span> 
     </span>
     <span class='ocr_line' id='line_1_26' title="bbox 103 2324 913 2406; baseline 0.004 -22"><span class='ocrx_word' id='word_1_198' title='bbox 103 2325 252 2405; x_wconf 78' lang='lat' dir='ltr'>Opperiar</span> <span class='ocrx_word' id='word_1_199' title='bbox 265 2326 413 2387; x_wconf 86' lang='lat' dir='ltr'>hominem</span> <span class='ocrx_word' id='word_1_200' title='bbox 428 2324 488 2398; x_wconf 82' lang='lat' dir='ltr'>lrlc,</span> <span class='ocrx_word' id='word_1_201' title='bbox 501 2335 533 2385; x_wconf 80' lang='lat' dir='ltr'>ut</span> <span class='ocrx_word' id='word_1_202' title='bbox 548 2325 683 2398; x_wconf 73' lang='lat' dir='ltr'>salutem,</span> <span class='ocrx_word' id='word_1_203' title='bbox 697 2336 727 2386; x_wconf 87' lang='lat' dir='ltr'>et</span> <span class='ocrx_word' id='word_1_204' title='bbox 740 2325 913 2406; x_wconf 81' lang='lat' dir='ltr'>conloquar.</span> 
     </span>
    </p>
   </div>
   <div class='ocr_carea' id='block_1_3' title="bbox 243 2555 968 2795">
    <p class='ocr_par' dir='ltr' id='par_1_3' title="bbox 243 2555 968 2795">
     <span class='ocr_line' id='line_1_27' title="bbox 497 2555 705 2635; baseline 0.005 -1"><span class='ocrx_word' id='word_1_205' title='bbox 497 2555 629 2635; x_wconf 67' lang='lat' dir='ltr'>seror</span> <span class='ocrx_word' id='word_1_206' title='bbox 650 2575 705 2635; x_wconf 74' lang='grc' dir='ltr'>ιν.</span> 
     </span>
     <span class='ocr_line' id='line_1_28' title="bbox 243 2729 968 2795; baseline 0.01 -7"><span class='ocrx_word' id='word_1_207' title='bbox 243 2729 373 2788; x_wconf 81' lang='lat' dir='ltr'>Hroro.</span> <span class='ocrx_word' id='word_1_208' title='bbox 416 2731 530 2788; x_wconf 68' lang='lat' dir='ltr'>Gerr.</span> <span class='ocrx_word' id='word_1_209' title='bbox 573 2731 717 2792; x_wconf 72' lang='lat' dir='ltr'>Derrrr.</span> <span class='ocrx_word' id='word_1_210' title='bbox 759 2732 968 2795; x_wconf 73' lang='lat' dir='ltr'>Prrrrmrr.</span> 
     </span>
    </p>
   </div>
   <div class='ocr_carea' id='block_1_4' title="bbox 22 2881 1107 3690">
    <p class='ocr_par' dir='ltr' id='par_1_4' title="bbox 22 2881 947 2958">
     <span class='ocr_line' id='line_1_29' title="bbox 22 2881 947 2958; baseline -0.005 -6"><span class='ocrx_word' id='word_1_211' title='bbox 22 2945 25 2952; x_wconf 90' lang='lat'><em>.</em></span> <span class='ocrx_word' id='word_1_212' title='bbox 54 2893 56 2898; x_wconf 82' lang='grc'><strong>’</strong></span> <span class='ocrx_word' id='word_1_213' title='bbox 106 2889 162 2948; x_wconf 85' lang='lat' dir='ltr'>He.</span> <span class='ocrx_word' id='word_1_214' title='bbox 184 2887 259 2947; x_wconf 78' lang='lat' dir='ltr'>PRO</span> <span class='ocrx_word' id='word_1_215' title='bbox 275 2883 316 2946; x_wconf 85' lang='lat' dir='ltr'>Dl</span> <span class='ocrx_word' id='word_1_216' title='bbox 330 2883 526 2946; x_wconf 75' lang='lat' dir='ltr'>immortales!</span> <span class='ocrx_word' id='word_1_217' title='bbox 548 2881 662 2945; x_wconf 83' lang='lat' dir='ltr'>facinus</span> <span class='ocrx_word' id='word_1_218' title='bbox 676 2881 840 2958; x_wconf 67' lang='lat' dir='ltr'>indignum,</span> <span class='ocrx_word' id='word_1_219' title='bbox 856 2888 947 2947; x_wconf 78' lang='lat' dir='ltr'>Gelo.</span> 
     </span>
    </p>

    <p class='ocr_par' dir='ltr' id='par_1_5' title="bbox 101 2963 1072 3117">
     <span class='ocr_line' id='line_1_30' title="bbox 105 2963 1072 3037; baseline 0.005 -10"><span class='ocrx_word' id='word_1_220' title='bbox 105 2969 183 3037; x_wconf 82' lang='lat' dir='ltr'>Quid</span> <span class='ocrx_word' id='word_1_221' title='bbox 199 2987 296 3027; x_wconf 80' lang='lat' dir='ltr'>narras</span> <span class='ocrx_word' id='word_1_222' title='bbox 312 2968 319 3026; x_wconf 92' lang='lat'>!</span> <span class='ocrx_word' id='word_1_223' title='bbox 368 2966 419 3026; x_wconf 72' lang='lat' dir='ltr'>Ge.</span> <span class='ocrx_word' id='word_1_224' title='bbox 443 2965 493 3025; x_wconf 84' lang='lat' dir='ltr'>Sic</span> <span class='ocrx_word' id='word_1_225' title='bbox 507 2973 551 3024; x_wconf 78' lang='lat' dir='ltr'>est</span> <span class='ocrx_word' id='word_1_226' title='bbox 567 2963 693 3026; x_wconf 82' lang='lat' dir='ltr'>fectum.</span> <span class='ocrx_word' id='word_1_227' title='bbox 736 2967 795 3025; x_wconf 81' lang='lat' dir='ltr'>He.</span> <span class='ocrx_word' id='word_1_228' title='bbox 818 2967 861 3024; x_wconf 83' lang='lat' dir='ltr'>Ex</span> <span class='ocrx_word' id='word_1_229' title='bbox 871 2968 951 3028; x_wconf 84' lang='lat' dir='ltr'>illdn’</span> <span class='ocrx_word' id='word_1_230' title='bbox 962 2968 1072 3032; x_wconf 66' lang='lat' dir='ltr'>familie</span> 
     </span>
     <span class='ocr_line' id='line_1_31' title="bbox 101 3045 846 3117; baseline -0.003 -10"><span class='ocrx_word' id='word_1_231' title='bbox 101 3050 175 3107; x_wconf 84' lang='lat' dir='ltr'>Tam</span> <span class='ocrx_word' id='word_1_232' title='bbox 190 3047 332 3109; x_wconf 79' lang='lat' dir='ltr'>illiberale</span> <span class='ocrx_word' id='word_1_233' title='bbox 345 3045 460 3106; x_wconf 78' lang='lat' dir='ltr'>focinus</span> <span class='ocrx_word' id='word_1_234' title='bbox 473 3055 518 3106; x_wconf 78' lang='lat' dir='ltr'>est</span> <span class='ocrx_word' id='word_1_235' title='bbox 528 3045 647 3104; x_wconf 78' lang='lat' dir='ltr'>orluml</span> <span class='ocrx_word' id='word_1_236' title='bbox 668 3063 686 3104; x_wconf 89' lang='lat' dir='ltr'>o</span> <span class='ocrx_word' id='word_1_237' title='bbox 702 3046 846 3117; x_wconf 79' lang='lat' dir='ltr'>AEsehine,</span> 
     </span>
    </p>

    <p class='ocr_par' dir='ltr' id='par_1_6' title="bbox 103 3125 900 3203">
     <span class='ocr_line' id='line_1_32' title="bbox 103 3125 900 3203; baseline 0.001 -16"><span class='ocrx_word' id='word_1_238' title='bbox 103 3129 156 3187; x_wconf 89' lang='lat' dir='ltr'>Pol</span> <span class='ocrx_word' id='word_1_239' title='bbox 172 3130 249 3187; x_wconf 80' lang='lat' dir='ltr'>houd</span> <span class='ocrx_word' id='word_1_240' title='bbox 265 3137 416 3203; x_wconf 81' lang='lat' dir='ltr'>palernum</span> <span class='ocrx_word' id='word_1_241' title='bbox 431 3126 508 3186; x_wconf 83' lang='lat' dir='ltr'>istuc</span> <span class='ocrx_word' id='word_1_242' title='bbox 519 3125 637 3185; x_wconf 82' lang='lat' dir='ltr'>dedisti.</span> <span class='ocrx_word' id='word_1_243' title='bbox 682 3126 738 3186; x_wconf 79' lang='lat' dir='ltr'>De.</span> <span class='ocrx_word' id='word_1_244' title='bbox 753 3127 900 3188; x_wconf 80' lang='lat' dir='ltr'>Videlicet</span> 
     </span>
    </p>

    <p class='ocr_par' dir='ltr' id='par_1_7' title="bbox 105 3205 796 3284">
     <span class='ocr_line' id='line_1_33' title="bbox 105 3205 796 3284; baseline -0.003 -16"><span class='ocrx_word' id='word_1_245' title='bbox 105 3211 152 3268; x_wconf 90' lang='lat' dir='ltr'>De</span> <span class='ocrx_word' id='word_1_246' title='bbox 168 3207 287 3284; x_wconf 78' lang='lat' dir='ltr'>psaltrid</span> <span class='ocrx_word' id='word_1_247' title='bbox 302 3206 357 3265; x_wconf 79' lang='lat' dir='ltr'>hle</span> <span class='ocrx_word' id='word_1_248' title='bbox 371 3205 499 3267; x_wconf 76' lang='lat' dir='ltr'>audivit:</span> <span class='ocrx_word' id='word_1_249' title='bbox 522 3207 551 3265; x_wconf 93' lang='lat' dir='ltr'>id</span> <span class='ocrx_word' id='word_1_250' title='bbox 566 3205 608 3264; x_wconf 90' lang='lat' dir='ltr'>illi</span> <span class='ocrx_word' id='word_1_251' title='bbox 622 3225 700 3265; x_wconf 89' lang='lat' dir='ltr'>nuno</span> <span class='ocrx_word' id='word_1_252' title='bbox 714 3207 796 3267; x_wconf 79' lang='lat' dir='ltr'>dolet</span> 
     </span>
    </p>

    <p class='ocr_par' dir='ltr' id='par_1_8' title="bbox 105 3286 802 3365">
     <span class='ocr_line' id='line_1_34' title="bbox 105 3286 802 3365; baseline -0.003 -16"><span class='ocrx_word' id='word_1_253' title='bbox 105 3290 226 3349; x_wconf 85' lang='lat' dir='ltr'>Alieno:</span> <span class='ocrx_word' id='word_1_254' title='bbox 250 3297 331 3364; x_wconf 84' lang='lat' dir='ltr'>pater</span> <span class='ocrx_word' id='word_1_255' title='bbox 345 3287 369 3346; x_wconf 82' lang='lat' dir='ltr'>is</span> <span class='ocrx_word' id='word_1_256' title='bbox 384 3286 465 3344; x_wconf 87' lang='lat' dir='ltr'>nihili</span> <span class='ocrx_word' id='word_1_257' title='bbox 480 3286 593 3365; x_wconf 86' lang='lat' dir='ltr'>pendil.</span> <span class='ocrx_word' id='word_1_258' title='bbox 636 3286 693 3344; x_wconf 86' lang='lat' dir='ltr'>Hei</span> <span class='ocrx_word' id='word_1_259' title='bbox 708 3286 777 3346; x_wconf 84' lang='lat' dir='ltr'>mihi</span> <span class='ocrx_word' id='word_1_260' title='bbox 793 3289 802 3347; x_wconf 89' lang='lat' dir='ltr'>l</span> 
     </span>
    </p>

    <p class='ocr_par' dir='ltr' id='par_1_9' title="bbox 104 3365 985 3447">
     <span class='ocr_line' id='line_1_35' title="bbox 104 3365 985 3447; baseline 0.005 -18"><span class='ocrx_word' id='word_1_261' title='bbox 104 3369 223 3430; x_wconf 84' lang='lat' dir='ltr'>Utinam</span> <span class='ocrx_word' id='word_1_262' title='bbox 239 3368 288 3427; x_wconf 81' lang='lat' dir='ltr'>lrlo</span> <span class='ocrx_word' id='word_1_263' title='bbox 302 3385 397 3445; x_wconf 86' lang='lat' dir='ltr'>prope</span> <span class='ocrx_word' id='word_1_264' title='bbox 410 3365 524 3426; x_wconf 76' lang='lat' dir='ltr'>adesset</span> <span class='ocrx_word' id='word_1_265' title='bbox 536 3365 655 3437; x_wconf 75' lang='lat' dir='ltr'>alicubi,</span> <span class='ocrx_word' id='word_1_266' title='bbox 668 3376 761 3447; x_wconf 78' lang='lat' dir='ltr'>etque</span> <span class='ocrx_word' id='word_1_267' title='bbox 772 3365 887 3431; x_wconf 81' lang='lat' dir='ltr'>eudirel</span> <span class='ocrx_word' id='word_1_268' title='bbox 901 3371 985 3433; x_wconf 72' lang='lat' dir='ltr'>hoel</span> 
     </span>
    </p>

    <p class='ocr_par' dir='ltr' id='par_1_10' title="bbox 105 3447 1048 3606">
     <span class='ocr_line' id='line_1_36' title="bbox 105 3447 1048 3524; baseline 0.006 -15"><span class='ocrx_word' id='word_1_269' title='bbox 105 3451 164 3510; x_wconf 86' lang='lat' dir='ltr'>He.</span> <span class='ocrx_word' id='word_1_270' title='bbox 185 3449 248 3509; x_wconf 83' lang='lat' dir='ltr'>Nisi</span> <span class='ocrx_word' id='word_1_271' title='bbox 262 3447 382 3519; x_wconf 84' lang='lat' dir='ltr'>sacient,</span> <span class='ocrx_word' id='word_1_272' title='bbox 399 3466 466 3524; x_wconf 81' lang='lat' dir='ltr'>quae</span> <span class='ocrx_word' id='word_1_273' title='bbox 480 3447 545 3507; x_wconf 89' lang='lat' dir='ltr'>illos</span> <span class='ocrx_word' id='word_1_274' title='bbox 560 3467 675 3524; x_wconf 81' lang='lat' dir='ltr'><strong>aequom</strong></span> <span class='ocrx_word' id='word_1_275' title='bbox 690 3448 833 3519; x_wconf 46' lang='lat' dir='ltr'>’slrhoud</span> <span class='ocrx_word' id='word_1_276' title='bbox 847 3451 891 3512; x_wconf 77' lang='lat' dir='ltr'>rio</span> <span class='ocrx_word' id='word_1_277' title='bbox 905 3450 1048 3514; x_wconf 74' lang='lat' dir='ltr'>auferent.</span> 
     </span>
     <span class='ocr_line' id='line_1_37' title="bbox 107 3527 819 3606; baseline 0.001 -18"><span class='ocrx_word' id='word_1_278' title='bbox 107 3531 160 3590; x_wconf 83' lang='lat' dir='ltr'>Ge.</span> <span class='ocrx_word' id='word_1_279' title='bbox 176 3532 254 3589; x_wconf 83' lang='lat' dir='ltr'>inte</span> <span class='ocrx_word' id='word_1_280' title='bbox 269 3547 336 3606; x_wconf 75' lang='lat' dir='ltr'>spes</span> <span class='ocrx_word' id='word_1_281' title='bbox 349 3530 454 3600; x_wconf 84' lang='lat' dir='ltr'>omnis,</span> <span class='ocrx_word' id='word_1_282' title='bbox 477 3529 582 3606; x_wconf 82' lang='lat' dir='ltr'>Hegio,</span> <span class='ocrx_word' id='word_1_283' title='bbox 597 3527 682 3586; x_wconf 75' lang='lat' dir='ltr'>nobie</span> <span class='ocrx_word' id='word_1_284' title='bbox 694 3529 751 3589; x_wconf 79' lang='lat' dir='ltr'>eila</span> <span class='ocrx_word' id='word_1_285' title='bbox 765 3540 819 3588; x_wconf 81' lang='lat' dir='ltr'>est.</span> 
     </span>
    </p>

    <p class='ocr_par' dir='ltr' id='par_1_11' title="bbox 104 3609 1107 3690">
     <span class='ocr_line' id='line_1_38' title="bbox 104 3609 1107 3690; baseline 0.005 -22"><span class='ocrx_word' id='word_1_286' title='bbox 104 3609 148 3669; x_wconf 89' lang='lat' dir='ltr'>Te</span> <span class='ocrx_word' id='word_1_287' title='bbox 162 3611 255 3672; x_wconf 89' lang='lat' dir='ltr'>solum</span> <span class='ocrx_word' id='word_1_288' title='bbox 269 3609 429 3674; x_wconf 75' lang='lat' dir='ltr'>hebemus:</span> <span class='ocrx_word' id='word_1_289' title='bbox 452 3617 694 3686; x_wconf 77' lang='lat' dir='ltr'>ruerpelroooe,</span> <span class='ocrx_word' id='word_1_290' title='bbox 707 3619 740 3672; x_wconf 84' lang='lat' dir='ltr'>tu</span> <span class='ocrx_word' id='word_1_291' title='bbox 753 3629 881 3690; x_wconf 74' lang='lat' dir='ltr'>perenn</span> <span class='ocrx_word' id='word_1_292' title='bbox 1066 3627 1107 3679; x_wconf 77' lang='lat' dir='ltr'>ro</span> 
     </span>
    </p>
   </div>
   <div class='ocr_carea' id='block_1_5' title="bbox 0 0 1206 4038">
    <p class='ocr_par' dir='ltr' id='par_1_12' title="bbox 0 0 1206 4038">
     <span class='ocr_line' id='line_1_39' title="bbox 0 0 1206 4038; baseline 0 0"><span class='ocrx_word' id='word_1_293' title='bbox 0 0 1206 4038; x_wconf 95' lang='lat' dir='ltr'> </span> 
     </span>
    </p>
   </div>
  </div>
 </body>
</html>
