2402 4036
375 247 1082 348 coronamentum
1162 283 1164 286 ·

90 399 203 472 Potius,
193 396 327 522 qudmq
335 399 492 462 advorsum
506 402 594 463 animi
609 403 649 462 tui
665 402 826 464 lubidinem
847 410 925 464 esset
944 421 1013 463 cum
1032 405 1082 466 illo

89 559 153 638 Ego
173 489 396 620 etiddi'idlorum
425 579 488 621 esse
513 562 588 620 haue
608 561 724 640 culpam
748 559 873 632 credidi,
896 579 962 640 quae
985 569 1015 622 te
1036 571 1083 624 est

87 717 176 795 Myr.
191 659 393 780 ffiqqqq.sum
434 719 531 781 Pura.
547 721 664 780 Utinam
678 719 768 780 sciam
782 718 822 778 ita
836 739 900 780 esse
914 719 1007 782 istuc:
1029 649 1086 782 sid

210 818 286 858 nunc
300 799 393 858 mim
385 819 414 857 m
430 809 555 860 mentem
571 801 659 870 venit,

87 877 131 936 Ex
143 877 200 936 hac
210 897 240 937 re
242 879 343 956 ,quod
358 879 457 938 iocata
466 900 496 939 es
506 881 573 939 otim
576 899 685 958 ,quum
696 878 775 938 ιΙΙιιιιι
785 899 923 957 generum
934 880 1085 960 cepimus·

89 957 166 1018 Nam
180 924 308 1052 negabas
323 968 444 1050 nuptam
460 979 547 1038 posse
562 959 652 1018 titiam
669 971 748 1020 tuam
764 969 793 1018 te
805 961 868 1038 pati

89 1037 166 1096 Cum
179 1057 227 1106 eo,
238 1039 293 1116 qui
308 1040 489 1098 meretricem
504 1050 625 1111 ornaret,
638 1041 688 1132 qui
701 1047 890 1116 pernoctaret
904 1039 983 1100 foris.

90 1117 180 1195 Myr.
172 1117 338 1257 quaapqpqs
354 1137 471 1177 causam
487 1119 565 1178 huno
593 1120 744 1197 suspicari,
766 1138 853 1193 quam
869 1121 963 1197 ipsam
978 1139 1086 1194 veram,

89 1273 186 1336 Piid.
210 1277 308 1336 Multo
327 1275 406 1354 prius
426 1276 508 1348 scivi,
532 1275 620 1356 quim
643 1285 685 1348 tu,
707 1277 787 1336 illum
812 1277 937 1336 amicam
962 1261 1082 1352 habere,
1197 1339 1198 1344 ,

213 1357 381 1434 Myrrhina:

90 1432 200 1494 Verdm
215 1435 244 1494 id
261 1437 362 1496 vitium
378 1455 537 1543 numquam
552 1435 668 1496 decrevi
682 1455 746 1495 esse
758 1456 813 1512 ego
828 1435 1052 1498 adolescentiaez

87 1513 165 1574 Nam
184 1514 509 1576 idumnibusinnatum
530 1517 583 1575 st:
610 1527 640 1574 at
654 1517 734 1594 pol
721 1535 785 1594 Jam
800 1515 903 1587 aderat
923 1536 954 1576 se
969 1535 1088 1596 quoque

211 1595 298 1656 etiam
315 1597 404 1674 quum
420 1597 524 1656 oderit.
1198 1637 1199 1672 3

89 1673 158 1744 Sed,
174 1683 206 1734 ut
219 1675 287 1734 olim
299 1685 329 1736 te
343 1676 506 1748 ostendisti,
521 1675 644 1736 eandem
659 1695 734 1748 esse,
746 1673 819 1734 nihil
830 1675 982 1736 cessavisti
995 1695 1088 1756 usque

90 1833 132 1894 Ut
144 1755 316 1896 tilruiiadhaiisc
320 1855 356 1895 eo
377 1835 561 1906 abduceres:
584 1855 651 1908 neu,
674 1835 754 1915 quod
776 1855 832 1914 ego
856 1833 990 1912 egissem,
1011 1844 1088 1898 erret

88 1991 123 2050 ld
138 1924 430 2055 nuncriiiiniridicium
446 1995 509 2054 hac
523 1993 604 2066 facit,
620 2013 678 2072 quo
688 2003 778 2074 pacto
792 1993 903 2054 t'uctum
918 1923 1089 2056 volueris.39

87 2073 179 2149 Myr.
192 2074 308 2133 Adedn'
322 2095 368 2136 me
379 2095 442 2136 esse
456 2075 638 2152 pervicacem
654 2094 766 2145 censes,
782 2075 830 2134 cui
845 2083 938 2132 mater
950 2075 1031 2145 siem,

88 2153 130 2211 Ut
143 2172 179 2211 eo
192 2173 284 2214 essem
300 2157 406 2228 animo,
419 2156 443 2214 si
456 2175 492 2213 ex
508 2174 562 2214 usu
575 2163 648 2214 esset
662 2164 762 2213 nostro
778 2155 835 2214 troc
849 2153 1088 2215 matrimonium?

87 2231 184 2294 Plrid.
198 2234 274 2293 Tun'
283 2237 462 2315 prospicere,
478 2243 529 2293 aut
537 2235 674 2312 judicare
684 2244 813 2294 nostram
828 2234 856 2292 in
871 2253 931 2293 rem
943 2233 1023 2310 quod
1038 2233 1086 2306 sit,

87 2318 372 2487 Audistipdrieasliquo
392 2394 526 2464 sortasse,
541 2413 592 2472 qm
583 2393 716 2454 vidisse
729 2413 796 2454 eum
815 2393 927 2452 diceret

88 2471 263 2545 Exeuntem,
277 2485 328 2534 aut
341 2473 534 2534 introeuntem
555 2474 593 2532 ad
618 2475 753 2534 amicam.
796 2473 875 2542 Quid
893 2482 954 2532 tum
970 2479 1085 2550 postea,

89 2551 119 2609 Si
130 2552 259 2613 modeste
273 2574 309 2614 ac
323 2555 388 2615 rard
402 2556 459 2614 hoo
473 2553 561 2614 fecit?
582 2573 677 2613 noune
691 2573 726 2613 ea
739 2553 918 2613 dissimulare
933 2571 986 2610 nos

89 2631 188 2710 Magis
204 2635 362 2752 humqnpm
377 2645 433 2707 est,
454 2633 544 2712 qudm
563 2633 634 2693 dare
648 2653 781 2713 operam,
801 2633 830 2694 id
846 2633 932 2703 scire,
958 2629 1010 2711 qut
1032 2651 1085 2693 nos

88 2792 166 2850 Nam
182 2713 361 2871 siiieqiiis'set
375 2794 413 2852 ab
426 2793 461 2852 ed
475 2793 705 2870 secederepente
719 2793 854 2863 avellere,

89 2871 216 2940 Quicum
232 2883 277 2932 tot
292 2873 460 2932 consuesset
470 2892 572 2942 annos,
583 2893 640 2932 uon
654 2893 720 2932 eum
731 2873 876 2932 hominem
888 2872 1036 2943 ducerem,
1047 2881 1088 2936 40

88 2952 155 3012 Nec
169 2952 262 3012 virum
278 2953 347 3012 satis
362 2952 478 3012 firmum
492 2964 598 3030 gnata.
641 2953 728 3030 Myr.
748 2953 836 3012 Mitte
858 2953 1090 3027 adolescentem,

87 3113 126 3172 Et
142 3033 426 3191 quaeoniieqiiiistsse
439 3112 493 3174 ais.
531 3111 608 3171 Abi·
631 3111 723 3171 solum
739 3110 818 3170 solus
832 3111 967 3172 conveni.

88 3193 184 3269 Roga,
200 3193 316 3263 velitne,
337 3211 456 3263 annon,
470 3210 606 3250 uxorem·
628 3191 720 3261 siest,
734 3191 1006 3266 utdicatveltese,

88 3271 216 3342 Redde,
231 3275 273 3332 sin
289 3283 335 3332 est
348 3281 457 3342 autem,
472 3283 504 3332 ut
517 3271 601 3342 nolit,
614 3271 695 3332 recte
708 3290 763 3348 ego
778 3270 912 3331 consului
924 3289 1008 3332 mere.

89 3336 189 3414 Plrid.
213 3343 241 3412 Si
257 3353 375 3431 quidem
395 3351 462 3411 ille
455 3371 518 3432 ipse
535 3371 593 3410 ιιοιι
607 3350 682 3423 voit,
704 3360 736 3410 et
754 3360 787 3411 tu
806 3351 894 3411 sensti
915 3371 977 3412 esse
998 3351 1088 3425 ineo,

87 3427 404 3586 Peccatuiiryrridieidin,
420 3479 507 3591 cujus
521 3509 644 3574 oonsilio
656 3529 690 3572 ea
704 3529 759 3592 par
771 3509 869 3580 fuerat
880 3511 1020 3593 prospici
1075 3545 1078 3552 ·
