2404 4038
389 331 523 398 ACTUS
544 333 569 395 1.
611 331 744 398 scunt
766 331 807 394 u.

94 491 140 555 st.
162 489 251 551 Venit
265 489 406 551 Chremes
420 489 562 569 postridie
576 487 614 550 sd
628 509 685 561 rae,
699 487 863 558 clamitans,

92 573 249 648 Indignum
265 569 397 630 facinus!
420 571 611 650 comperisse,
624 569 810 648 Pamphilum

92 655 151 714 Pro
163 669 254 712 uxore
270 650 378 710 babere
392 650 469 710 bauo
482 651 675 728 peregrinam.
716 650 779 726 Ego
793 644 864 707 iliud
879 643 981 706 sedulo

92 733 211 812 Negare
225 729 354 790 iactum:
376 730 423 790 iile
437 730 527 792 instat
541 731 663 790 sactum.
705 727 843 808 Denique
1040 738 1095 789 120

93 813 140 870 Ita
154 823 217 870 tum
232 810 356 870 discedo
370 811 408 870 ab
422 811 484 882 ilio,
500 819 533 868 ut
548 812 598 888 qui
612 829 644 870 se
658 807 748 869 filiam

92 892 194 970 Neget
214 889 362 982 daturum.
420 889 469 950 So.
491 891 561 950 Non
583 899 617 950 tu
638 887 679 949 ibi
700 887 844 968 gnatumi
899 886 943 948 Si.
964 889 1011 946 Ne
1034 887 1097 948 boec

94 1047 170 1109 Satis
184 971 341 1109 veiim
355 1067 447 1110 eausa
460 1049 498 1110 ad
513 1049 741 1128 objurgandum.
786 1049 835 1111 So.
853 1047 925 1124 Qut,
941 1047 1037 1109 cedoi

94 1129 138 1189 Si.
160 1129 242 1190 Tute
255 1130 318 1207 ipse
332 1129 377 1189 bis
392 1130 480 1190 rebus
495 1129 582 1191 finem
597 1130 785 1211 praesoripsti,
803 1137 896 1209 pater.

93 1209 190 1286 Prope
204 1209 300 1281 adest,
319 1229 409 1287 quum
424 1211 518 1271 alieno
532 1230 614 1270 more
627 1209 785 1270 vivendum
797 1213 834 1271 'rt
847 1207 937 1272 mibi:

93 1289 166 1347 Sine
179 1307 258 1348 nuno
274 1309 341 1348 meo
356 1309 404 1349 me
416 1289 514 1350 vivere
528 1291 639 1350 interea
651 1289 754 1350 modo.

95 1367 146 1426 So.
169 1368 241 1436 Quis
256 1368 347 1448 igitur
360 1367 481 1428 relictus
494 1378 540 1428 est
553 1369 732 1445 objurgandi
744 1367 848 1428 locuni

46 1467 49 1470 ·
95 1447 140 1507 Si.
163 1447 195 1506 Si
209 1457 331 1525 propter
344 1465 474 1506 amorem
490 1465 611 1506 uxorem
625 1446 700 1505 noiit
713 1445 832 1516 dooere,

93 1525 137 1586 Ea
154 1525 280 1604 primum
296 1526 335 1584 ab
349 1527 399 1584 iiio
412 1525 669 1586 animadvertenda
681 1523 789 1602 injuria
801 1527 848 1586 ἐι.

92 1606 132 1664 Et
147 1625 225 1666 nuno
239 1604 270 1665 id
284 1623 403 1684 operam
419 1605 470 1676 do,
486 1615 518 1665 ut
532 1626 586 1685 per
599 1605 687 1666 falsas
700 1603 820 1684 nuptias
1043 1609 1099 1664 130

92 1686 173 1744 Vera
185 1685 363 1763 objurgandi
377 1703 467 1744 eausa
481 1686 528 1757 sit,
544 1685 569 1744 si
582 1685 723 1764 deneget:

59 1825 65 1832 ,
93 1766 188 1824 Sinrui
203 1765 360 1825 sceleratus
376 1765 478 1825 Davus
494 1765 518 1824 si
533 1764 604 1842 quid
618 1764 722 1824 oonsiii

93 1845 207 1915 Habet,
223 1853 256 1904 ut
270 1853 423 1905 consumat
437 1864 526 1917 nuno,
541 1865 606 1904 cum
621 1845 692 1904 nibil
706 1843 804 1904 obsint
817 1841 877 1904 doli
889 1863 898 1912 ς

94 1925 193 1992 Quem
208 1944 264 2002 ego
278 1923 367 1984 credo
381 1925 514 1985 manibus
529 1925 712 2004 pedibusque
726 1923 834 1983 obnixe
848 1921 945 1983 omnia

94 2005 272 2073 Facturumr
295 2006 385 2082 magis
400 2004 431 2064 id
446 2005 531 2076 adeo,
546 2005 619 2065 mibi
633 2014 665 2066 ut
678 2003 884 2076 incommodet,

96 2083 196 2152 Qndm
211 2093 244 2144 ut
256 2083 437 2162 obsequatur
450 2095 549 2162 gnato.
592 2085 640 2146 So.
662 2083 870 2164 Quapropteri
912 2081 955 2144 st.
977 2081 1098 2158 Rogasi

95 2162 178 2224 Mala
192 2184 286 2236 mens,
300 2164 393 2225 malus
408 2165 542 2227 animus:
564 2186 650 2242 quem
665 2166 785 2244 quidem
800 2183 855 2242 ego
869 2163 891 2222 si
905 2164 1044 2222 sensero!

95 2243 157 2303 Sed
173 2243 244 2322 quid
259 2263 334 2321 opus
348 2254 393 2304 est
407 2246 522 2306 verbisi
562 2247 613 2307 Sin
626 2246 752 2316 eveniat,
767 2243 847 2322 quod
863 2243 937 2316 volo,

95 2323 130 2381 In
146 2324 302 2402 Pamphilo
317 2332 350 2384 ut
363 2326 433 2384 nihil
448 2327 485 2385 sit
500 2345 599 2399 morae,
614 2336 703 2386 restat
716 2325 869 2394 Chremes,

96 2403 157 2470 Qui
172 2404 241 2462 mibi
255 2405 420 2464 exorandus
433 2414 497 2472 est;
520 2415 551 2464 et
566 2423 649 2482 spero
665 2404 797 2464 confore.
1045 2411 1099 2461 140

94 2482 185 2542 Nunc
199 2491 282 2543 tuum
298 2493 343 2544 est
356 2482 495 2554 officium,
510 2483 563 2542 has
577 2483 652 2544 bene
667 2493 700 2543 ut
712 2481 866 2544 adsimules
880 2479 1016 2557 nuptias;

95 2561 321 2623 Perterrefacias
335 2564 471 2630 Davumr
493 2563 630 2623 observes
642 2561 745 2634 filium,

98 2639 178 2710 Quid
193 2651 273 2720 agat,
290 2641 360 2721 quid
376 2662 444 2702 cum
458 2641 507 2702 iilo
521 2643 634 2702 consilii
649 2653 759 2722 captet.
803 2640 851 2700 So.
874 2641 925 2699 Sat
938 2647 993 2699 est.

97 2721 227 2784 curabo.
269 2721 377 2782 Eamus
387 2721 452 2799 jam
466 2741 545 2784 nuno
557 2723 646 2784 intro.
689 2724 733 2785 Si.
754 2721 862 2801 Iprae3
885 2739 998 2797 sequar.

341 2951 345 2958 ’
404 2939 407 2944 ’
500 2963 628 3025 sesua
657 2963 697 3022 11.

461 3123 565 3183 Srnro.
601 3123 735 3181 Davus.

98 3273 145 3336 Si.
167 3275 249 3336 NON
265 3275 388 3338 dubium
403 3287 448 3340 est
462 3282 533 3360 quin
547 3301 667 3344 uxorem
681 3280 755 3341 nolit
769 3279 865 3340 filius:

98 3355 145 3415 Ita
159 3353 275 3417 Dauum
289 3359 378 3419 modo
392 3360 494 3422 timere
510 3361 597 3434 sensi,
613 3362 663 3420 ubi
677 3360 796 3439 nuptias

98 3435 224 3496 Futuras
238 3457 301 3498 esse
314 3439 439 3501 audivit:
462 3443 514 3502 sed
529 3443 592 3520 ipse
605 3442 665 3502 exit
680 3441 768 3501 ioras.

98 3514 164 3574 Da.
186 3516 326 3590 Mirabar,
339 3522 395 3580 hoo
411 3521 435 3580 si
449 3521 491 3582 sio
505 3523 616 3592 abiret;
638 3531 668 3582 et
683 3521 744 3580 beri
757 3537 871 3599 semper
885 3517 988 3578 leuitas

99 3593 231 3656 Verebar
243 3617 384 3675 quorsum
399 3601 555 3671 evaderet;

99 3673 160 3742 Qui
174 3686 334 3757 postquam
348 3680 479 3745 audierat
493 3701 551 3744 non
564 3682 667 3744 datum
682 3681 717 3742 iri
730 3679 790 3742 tilio
799 3695 922 3741 uxorem
936 3696 998 3748 suo,
