2404 4038
535 232 707 294 trinnio.

425 458 559 520 ACTUS
579 461 606 521 l.
638 461 769 522 SCENA
789 459 816 522 l.

495 612 600 672 Snuo.
632 613 752 674 Sosru.

125 765 170 826 Si.
190 764 260 824 Vos
275 762 379 825 isthaec
393 763 470 827 intrb
485 767 618 829 auferte:
640 769 734 830 abite.
776 767 869 840 Sosia.

123 843 297 906 Adesdum:
319 846 422 924 paucis
436 854 467 906 te
481 848 558 907 volo.
601 849 651 910 So.
671 849 794 908 Dictum
807 858 899 927 putor
1178 907 1179 912 ,

122 925 239 1005 Nempe
252 932 286 984 ut
300 927 531 990 curemurrecte
544 927 620 990 baec.
664 929 707 990 st.
730 929 824 1010 Immo
838 925 929 988 aliud.
972 924 1018 988 So.
1041 925 1117 996 Quid

244 1012 301 1078 est,

125 1083 214 1156 Quod
227 1084 282 1145 tibi
296 1103 361 1145 mea
373 1104 420 1146 ars
434 1085 549 1148 efficere
562 1084 620 1148 hoc
634 1087 728 1166 possit
737 1087 885 1166 amplius‘l

125 1165 170 1226 st.
192 1165 273 1225 Nihil
286 1164 382 1226 isthac
394 1185 469 1245 opus
482 1179 529 1228 est
541 1176 604 1228 arte
617 1169 654 1227 ad
669 1168 745 1228 hanc
759 1187 819 1228 rem
833 1185 920 1245 quam
935 1185 1025 1245 paro;
1180 1174 1181 1252 l

122 1244 185 1306 sed
197 1243 244 1316 iis,
258 1263 331 1324 quas
344 1265 457 1324 semper
468 1246 498 1306 iu
512 1256 543 1307 te
555 1247 684 1307 intellexi
698 1249 779 1318 sitas,
1114 1257 1127 1264 '
1180 1253 1181 1262 ³

121 1323 196 1386 Fide
209 1331 240 1384 et
252 1325 464 1386 taciturnitate.
506 1327 556 1387 So.
577 1328 727 1406 Exspecto
741 1325 812 1404 quid
828 1325 906 1385 velis.

125 1404 170 1464 Si.
190 1405 253 1483 Ego
265 1414 424 1484 postquam
439 1413 467 1464 le
482 1406 551 1476 emi,
566 1425 583 1464 a
597 1407 720 1483 parvulo
735 1417 769 1465 ut
782 1425 898 1483 semper
911 1405 965 1464 tibi

122 1484 215 1563 Apud
229 1503 276 1544 me
291 1483 373 1561 justa
387 1493 418 1544 et
431 1483 558 1544 clemens
573 1485 661 1542 fuerit
675 1484 799 1542 servitus

123 1565 210 1624 Scis:
230 1563 332 1634 fecire
344 1582 427 1622 servo
442 1571 475 1621 ut
488 1581 566 1622 esses
580 1561 702 1622 libertus
717 1562 799 1635 mihi,
1084 1575 1119 1624 10
1182 1592 1183 1632 i

121 1643 283 1720 Propterea
296 1641 377 1720 quod
392 1641 539 1702 serviebas
553 1640 725 1702 liberaliter.
1182 1649 1183 1670 ³

123 1722 215 1791 Quo'd
230 1721 319 1780 habui
333 1740 478 1780 summum
492 1721 630 1800 pretium,
645 1721 772 1800 persolvi
786 1721 852 1783 tibi.

124 1800 489 1862 Snlnmemoridbabeo.
521 1801 887 1864 Si.Haudmutolactum.
920 1803 967 1863 So.
982 1804 1119 1876 Gaudeo,
1183 1802 1184 1894 l

124 1882 157 1943 Si
172 1881 227 1941 tibi
238 1880 314 1959 quid·
323 1879 393 1950 feci,
407 1889 458 1940 aut
469 1879 557 1952 facio,
573 1881 652 1958 quod
669 1883 794 1960 placeat,
810 1883 910 1951 Simo;
1183 1901 1184 1920 ³

122 1961 162 2022 Et
175 1961 206 2020 id
220 1968 332 2039 gratum
347 1959 435 2019 fuisse
449 1960 605 2024 advorsum
621 1971 661 2034 te,
676 1962 772 2022 habeo
786 1963 918 2040 gratiam.

124 2041 181 2100 Sed
198 2042 257 2100 hoc
271 2039 342 2103 mibi
357 2040 511 2100 molestum
524 2049 586 2100 est:
609 2059 676 2102 nam
690 2043 794 2101 isthaec
809 2043 1048 2102 commemoratio

125 2121 219 2190 Quasi
233 2119 422 2198 exprobratio
435 2129 481 2180 est
494 2120 669 2180 immemoris
684 2120 827 2180 beneficii.

125 2201 208 2270 Quin
223 2209 255 2260 to
270 2218 329 2259 uno
343 2199 433 2260 verbo
446 2199 505 2270 dic,
520 2200 658 2278 quidest,
674 2200 753 2278 qnod
769 2220 815 2259 me
831 2200 911 2260 velis.

126 2281 171 2342 Si.
192 2281 240 2341 Ita
254 2277 370 2338 faciam.
412 2279 480 2338 Hoc
494 2281 618 2356 priunum
633 2281 663 2339 in
678 2281 734 2339 bac
747 2301 779 2340 rc
793 2279 925 2358 praedico
940 2279 1013 2348 tibi;

126 2363 208 2430 Quas
222 2358 318 2420 credis
332 2377 397 2419 esse
410 2358 471 2431 has,
486 2377 543 2419 non
557 2369 623 2420 surrt
638 2378 712 2418 verae
726 2362 846 2438 nuptiae.
1082 2371 1125 2422 20

128 2439 178 2500 So.
199 2439 402 2577 Cupraimulas
422 2439 533 2516 igiturl
575 2439 619 2500 Si.
640 2440 714 2500 Rem
735 2459 849 2502 omnem
872 2458 890 2498 a
910 2438 1056 2518 principio
1070 2459 1124 2500 an-

270 2538 331 2588 rear

125 2601 171 2659 Eo
187 2607 276 2678 pacto
290 2606 319 2658 et
333 2597 414 2675 gnati
428 2597 527 2670 vitam,
543 2605 572 2656 et
586 2597 737 2657 consilium
755 2616 849 2657 {neum

126 2681 295 2757 Cognosces
307 2699 316 2747 ς
334 2686 363 2736 et
377 2675 450 2754 qnid
465 2676 563 2736 facere
577 2677 607 2734 in
620 2677 675 2734 bac
690 2695 721 2735 re
735 2687 763 2734 te
778 2677 874 2735 velim.

125 2759 205 2819 Nam
220 2759 244 2818 is
257 2765 415 2837 postquam
430 2755 556 2815 excessit
569 2775 605 2813 ex
620 2755 755 2832 ephebis,
771 2757 864 2826 Sosia,

127 2837 260 2898 Liberius
273 2836 390 2896 vivendi
403 2835 459 2894 fuit
473 2842 624 2912 potestas:
647 2853 713 2894 nam
727 2845 811 2895 antea

127 2917 189 2988 Qut
202 2918 277 2977 scire
290 2935 403 2994 posses,
417 2922 468 2974 aut
481 2915 629 2990 ingenium
641 2933 774 2986 noscere,

126 3000 208 3058 Dum
222 3007 303 3069 aetas,
314 3004 420 3066 metus,
434 2994 581 3072 magister,
596 2995 815 3072 prohibebanti
857 2993 906 3053 So.
928 2997 974 3055 lta
987 3003 1043 3054 est.

131 3079 174 3140 sl.
196 3075 284 3143 Quod
298 3075 431 3153 plerique
445 3093 545 3133 omnes
558 3073 670 3134 fuciunt
684 3074 901 3145 adolescentuli,

129 3159 175 3217 Ut
185 3157 312 3214 animum
328 3153 366 3212 ad
381 3153 499 3232 aliquod
515 3153 642 3214 studium
657 3154 829 3231 adjungant,
845 3163 895 3212 aut
909 3172 1002 3232 equos

129 3237 225 3309 Alere,
241 3245 293 3295 aut
304 3253 391 3294 canes
406 3231 445 3294 ad
460 3233 635 3304 venandum,
650 3233 750 3292 autad
767 3233 977 3311 pbilosoplros;
1087 3243 1130 3294 30

130 3319 243 3376 Horum
258 3314 305 3373 ille
318 3313 390 3373 nibil
403 3313 515 3390 egregiis
528 3323 634 3389 praeter
647 3323 754 3372 caetera

129 3394 295 3465 Studebatg
316 3403 347 3453 et
358 3402 454 3453 tamen
469 3392 568 3451 omnia
582 3393 647 3451 liaec
662 3391 857 3452 mediocriter.

130 3473 318 3536 Gaudebam.
361 3472 410 3533 So.
431 3473 500 3532 Non
515 3471 634 3549 injurii:
656 3490 721 3530 nam
738 3471 767 3530 id
782 3472 909 3532 arbitror

131 3554 272 3636 Adprimb
286 3555 316 3614 in
329 3553 390 3615 virt
403 3571 467 3614 esse
482 3552 562 3628 utile,
573 3559 607 3614 ut
620 3571 655 3612 ue
669 3550 742 3632 quid
755 3553 851 3612 nimie.
