2404 4038
346 265 554 328 aorosia.
592 263 728 326 sonna
755 263 825 326 vrr.
1028 265 1086 332 rio
1197 223 1198 264 ³

86 423 158 484 Nou
173 421 310 482 clamari
331 441 388 482 aon
403 419 534 481 insaniei
553 421 617 480 Ma
631 421 721 482 Noa:
743 417 841 480 malim
856 419 987 498 quidem.

87 505 148 566 De.
174 504 248 562 Puer
262 512 348 563 natus
362 513 415 562 eat.
451 503 513 562 Mi.
527 501 568 560 Di
583 503 659 562 bene
672 504 806 562 vortant!
835 502 896 563 De.
911 503 1000 581 Virgo
1014 502 1085 560 nihil

211 583 312 643 habet.
1051 591 1087 642 10

87 662 155 722 Mt.
172 662 291 722 Audivi.
333 662 393 722 De.
407 663 446 720 Et
460 660 595 720 ducenda
607 661 740 720 indotata
753 661 811 720 'ati
845 661 908 721 Mi.
921 661 1053 723 Scilicet.

84 742 148 802 De.
163 742 242 811 Quid
259 762 337 802 nuno
351 737 484 802 futuam»
497 737 566 802 eall
595 741 657 802 Me
676 743 711 800 ld
732 733 821 814 enim,
843 741 924 820 quod
952 761 999 802 res
1022 743 1085 822 ipsa

210 823 285 882 fert:

87 899 174 960 Illinc
189 902 248 961 huc
264 899 451 962 transferetur
466 901 559 980 virgo.
602 903 662 963 De.
677 901 706 962 Ο
721 897 855 980 Jupiter!

86 983 234 1042 latooeine
247 992 337 1058 pacto
350 983 490 1058 oportetl
514 983 574 1041 Mi.
589 981 669 1049 Quid
684 981 790 1042 faciam
805 981 952 1060 amplius'l
1068 1044 1071 1052 ,

87 1062 149 1121 De.
165 1061 243 1130 Quid
260 1061 375 1121 faciani
394 1063 417 1120 'ai
431 1081 488 1119 non
504 1061 569 1139 ipsi
583 1081 613 1118 re
628 1063 705 1122 istuc
720 1063 772 1122 tibi
786 1062 877 1132 dolet,

88 1141 233 1200 Simulare
248 1143 326 1200 certe
340 1151 385 1200 eat
400 1142 534 1200 hominia.
573 1142 635 1201 Mt.
649 1141 729 1210 Quin
738 1141 803 1217 jam
819 1143 957 1220 virginem

86 1219 243 1298 Deaporreli
256 1243 265 1292 3
288 1239 334 1280 rea
348 1221 512 1302 composita
526 1222 561 1280 'at
576 1239 584 1289 ;
605 1220 680 1280 fiunt
694 1225 823 1300 nuptiae:

89 1301 193 1360 Demsi
221 1311 328 1359 anetum
357 1319 493 1360 omnem:
533 1301 598 1359 lraeo
625 1302 715 1378 magia
743 1311 811 1359 eunt
839 1301 975 1363 hominis.
1028 1303 1086 1362 De.

210 1381 367 1449 Caeterum,

86 1460 193 1518 Placet
208 1461 262 1519 tibi
275 1460 399 1530 sactum,
417 1457 533 1519 Micio‘l
556 1459 617 1518 Mt.
633 1459 713 1528 Non,
728 1458 750 1517 ai
765 1479 868 1536 queam

90 1541 227 1600 Mutare:
249 1559 338 1610 nunc,
352 1559 444 1617 quum
460 1557 518 1597 non
530 1558 621 1617 queo,
637 1557 725 1616 aequo
739 1539 837 1598 animo
851 1539 923 1600 fero.
1050 1549 1089 1600 20

88 1621 137 1679 Ita
150 1621 210 1678 rita
225 1619 263 1680 'st
278 1621 438 1689 hominum,
453 1619 549 1697 quasi,
566 1639 657 1697 quum
673 1619 755 1678 ludas
772 1623 902 1680 tesseris:

89 1699 120 1759 Si
136 1700 221 1769 illud,
236 1700 315 1778 qood
332 1699 467 1759 maxume
482 1719 557 1777 opos
570 1709 618 1758 eat
627 1699 725 1776 jactu,
742 1717 798 1757 non
812 1702 904 1772 cadit,

88 1779 179 1848 Illud,
193 1781 275 1858 quod
291 1779 547 1849 centuriauerat
563 1790 626 1838 arte
643 1782 827 1858 utcorr'rgas.

90 1861 151 1920 De.
166 1860 343 1919 Corrector!
365 1878 473 1937 nempe
488 1859 540 1918 tui
554 1869 617 1918 arte
630 1859 731 1936 viginti
746 1866 831 1920 minae

90 1941 148 1998 Pro
163 1939 283 2016 psaltrill
298 1939 426 2017 periere·;
450 1957 528 2016 quaa,
543 1938 684 2016 quantum
700 1951 805 2016 potest,

89 2019 200 2096 Aliquo
215 2018 380 2095 abjicienda
394 2028 459 2078 eat:
482 2019 506 2076 si
522 2037 580 2078 non
596 2021 748 2098 pretiopat
762 2019 872 2098 gratiis.

90 2100 155 2158 Mt.
170 2099 276 2176 Neque
293 2109 346 2169 eat,
360 2117 456 2176 neque
470 2098 546 2157 illam
563 2101 633 2157 eane
647 2101 751 2158 studeo
766 2103 899 2158 vendere.

92 2179 247 2317 DoQuq'qd
275 2179 364 2261 igitur
385 2178 498 2238 laciesl
527 2179 588 2237 Mi.
611 2179 701 2238 Domi
714 2180 781 2241 erit.
822 2181 881 2239 De.
904 2178 960 2237 Pro
983 2179 1089 2238 Diuiirn

236 2258 320 2318 dem!

91 2338 232 2397 Meretrix
246 2348 275 2397 et
287 2335 520 2413 mater-familias
537 2335 594 2396 uni
607 2337 635 2394 in
652 2335 764 2398 domol

90 2418 321 2478 Missirrnonl
363 2419 422 2477 De.
445 2417 554 2476 Sanum
583 2428 612 2475 te
631 2417 726 2476 credis
740 2419 827 2477 esaei
864 2418 924 2477 Mt.
946 2417 1089 2495 Equidem

214 2499 350 2556 arbitror.
635 2507 638 2512 '
1053 2505 1092 2556 30

93 2577 156 2637 De.
172 2578 215 2636 lta
231 2597 276 2636 me
293 2577 332 2648 Dl
348 2586 457 2647 ament,
473 2586 504 2635 ut
518 2575 603 2636 rideo
615 2597 672 2656 ego
687 2585 766 2636 tuam
778 2577 929 2658 ineptiam,

93 2659 249 2716 Facturum
266 2655 366 2728 eredo,
384 2669 417 2716 ut
431 2657 541 2738 habeas
557 2658 678 2736 quicum
694 2661 829 2720 cantites.

93 2737 155 2796 ΜΞ.
176 2737 237 2796 Cur
260 2737 341 2796 noni
365 2737 426 2797 De.
445 2737 483 2797 Et
498 2757 573 2796 nova
588 2749 680 2816 nupto
696 2738 797 2798 eadem
814 2741 878 2800 lraec
892 2739 1002 2800 discetl
1031 2741 1090 2796 Mi.

216 2817 345 2876 Scilicet.

94 2895 155 2957 De.
168 2894 215 2954 Tu
229 2897 305 2954 inter
318 2915 366 2955 eas
380 2895 476 2955 restim
491 2896 614 2955 ductans
629 2895 757 2954 saltabis.
802 2897 862 2954 Mi.
884 2895 988 2956 Proba.

94 2978 155 3036 De.
173 2976 293 3036 Probet
324 2975 385 3036 Mt.
407 2978 446 3034 Et
469 2985 502 3034 tu
524 2977 677 3035 nobiseum
700 2974 769 3045 una,
795 2977 818 3032 si
842 2995 916 3051 opor
942 2979 989 3036 ait.
1032 2975 1092 3034 De·

217 3056 273 3114 Hei
289 3056 379 3115 milri!
563 3067 567 3076 '
853 3057 855 3064 '

92 3134 160 3194 Non
177 3145 205 3194 te
221 3137 285 3195 liaeo
300 3135 446 3214 pudenti.
459 3135 519 3194 Mt.
534 3137 598 3195 Jam
615 3135 682 3192 vero
695 3133 810 3204 omitte3
824 3133 947 3206 Demea,

92 3207 185 3275 Tuam
200 3215 294 3274 istane
307 3214 507 3284 iracundiam
529 3225 627 3292 atque,
640 3215 680 3272 ita
696 3214 739 3272 utl
753 3213 850 3284 de'oet,

95 3295 228 3354 Hilarum
242 3315 278 3355 ac
292 3296 439 3354 lubentem
456 3294 503 3353 fac
519 3303 547 3354 te
562 3296 591 3352 in
603 3294 683 3370 gnati
698 3294 818 3372 nuptiis.

93 3377 157 3453 Ego
173 3377 226 3434 lios
241 3375 430 3434 conveniam:
455 3384 522 3454 port
536 3377 592 3434 liuc-
607 3373 707 3432 redeo.
750 3373 808 3434 De.
819 3374 851 3433 Ὀ
866 3375 1001 3454 Jupiter!

90 3457 249 3515 hanccine
264 3455 370 3516 vitam‘!
390 3456 510 3514 hoscine
524 3453 637 3514 moresl
659 3453 736 3512 liano
751 3453 947 3518 dementiam!
1055 3465 1093 3516 40

9 3594 14 3598 .
95 3533 180 3595 Uxor
193 3537 255 3594 sine
268 3535 338 3594 dote
351 3535 468 3593 veniet:
491 3535 569 3593 intua
584 3534 702 3612 psaltria
717 3543 781 3592 est:

97 3616 213 3675 Domus
223 3623 399 3682 sumtuosaa
420 3613 591 3674 adolescens
606 3615 674 3674 luxu
690 3611 842 3692 perditus;
