2402 4036
403 158 536 226 ACTUS
558 158 610 228 lV.
650 158 779 224 §CENA
800 159 853 218 lV.
1076 159 1132 215 183
1151 223 1163 245 ‚¹

138 308 332 374 hdfinitatem
347 313 423 386 hane
433 313 508 386 ,seue
520 321 690 390 perpetuam
705 311 799 376 relos.

138 393 192 451 Sin
202 401 258 462 est,
272 403 304 451 ut
318 389 401 452 aliter
415 403 466 460 tue
479 395 535 452 siet
548 393 701 461 sententie,

138 472 278 550 Accipias
292 491 426 549 puerum.
467 473 555 533 Pom.
571 472 669 530 Sensit
683 468 849 546 peperisse,-
870 465 986 530 decidii

139 549 200 612 Le.
216 550 357 627 Pperpml
374 571 471 630 ¹quoru
482 551 628 630 pueruml
650 549 744 608 Phid.
759 549 854 608 Natus
867 557 912 608 est
927 545 1011 606 nohis
1024 565 1133 627 nepos:

139 623 220 688 Nam
234 630 365 690 abducta
378 652 397 690 a
413 631 495 688 vohis
510 635 661 706 praegnans
675 627 770 688 fuerat
785 626 855 696 filia,
1049 679 1050 686 ,

139 707 246 787 Neque
259 709 348 768 fuisse
361 721 560 788 praegnantem
573 725 713 786 umquam
727 718 795 767 ente
809 707 886 764 hunc
900 705 974 766 scivi
987 704 1075 768 diem.

140 785 200 848 Lu.
216 789 305 859 Bene,
319 791 361 850 ita
373 809 419 848 me
434 790 473 848 Dl
486 797 582 848 ament
594 789 602 847 l
625 787 744 846 nuncius
758 807 766 854 ς
787 795 817 844 et
830 785 954 862 gaudeo,
1097 797 1136 850 20

139 866 253 926 Netum
268 867 360 938 illum,
373 883 403 930 et
416 869 470 929 tibi
484 869 561 935 illam
576 869 703 928 saluam:
719 866 771 928 sed
786 865 858 942 quid
870 863 997 926 mulieris
1110 891 1114 904 ·

137 947 269 1005 Uxorem
284 947 455 1018 habenam
470 948 577 1024 quihus
593 955 732 1006 moratam
747 943 897 1004 moribust

137 1024 242 1085 Nosne
256 1027 313 1085 hoc
328 1029 439 1086 celatos
453 1038 513 1086 tarn
527 1026 601 1088 diul
621 1045 735 1104 nequeo
750 1023 831 1096 satis,
872 1083 876 1090 ,

138 1101 239 1174 Qudru
254 1104 311 1164 hoe
326 1107 396 1164 mihi
411 1105 525 1164 uidetur
535 1105 645 1164 factum
661 1105 758 1179 prave,
773 1102 920 1180 proloqui.

44 1216 49 1226 ·
138 1183 238 1242 Pata.
253 1183 322 1243 Non
332 1185 386 1244 tibi
395 1185 468 1244 illud
478 1185 588 1260 septum
598 1183 692 1242 minus
707 1183 812 1258 placet,
823 1181 911 1264 quem
922 1181 1004 1256 mihi,
1014 1183 1137 1246 Luoltes.

142 1263 231 1323 Pam.
246 1263 369 1342 Etiamsi
383 1265 496 1324 dudum
510 1263 606 1322 fuerat
619 1263 785 1340 ambiguum
801 1262 858 1322 hoo
872 1261 955 1342 mihi,
1113 1275 1116 1282 ’

140 1343 230 1401 Nunc
245 1361 302 1402 non
317 1351 372 1414 est,
384 1363 476 1420 quum
489 1363 553 1402 eam
567 1341 758 1419 consequitur
772 1340 881 1399 alienus
895 1359 979 1418 puer.
1079 1399 1081 1406 ,
1114 1390 1118 1398 .

139 1421 200 1484 Lu.
212 1421 302 1482 Nulla
316 1423 381 1492 tibi,
396 1423 557 1498 Pamphile,
570 1422 619 1482 lrlo
630 1422 692 1498 jam
707 1419 887 1482 consultatio
895 1423 955 1486 'st.,

140 1502 231 1564 Pam.
246 1499 339 1562 Periil
362 1501 420 1562 Lu.
436 1503 524 1564 Hunc
535 1501 632 1563 videre
644 1520 723 1578 saepe
738 1499 915 1578 optabamus
929 1495 1020 1572 diem,

140 1583 241 1652 Quum
256 1601 293 1640 ex
308 1590 338 1641 te
353 1593 429 1642 esset
443 1582 557 1659 aliquis,
573 1580 667 1659 quite
681 1581 982 1658 appellaretpatrem.
1097 1587 1138 1641 30

139 1659 264 1725 Evenit:
287 1661 381 1720 haheo
394 1665 515 1739 gratiam
531 1660 596 1720 Dls.
621 1661 706 1720 Pam.
720 1659 828 1720 Nullus
841 1661 925 1728 suut!

139 1740 199 1802 Lu.
215 1739 320 1816 Reduc
334 1761 465 1812 uxorem,
479 1760 515 1798 ac
530 1741 589 1798 noli
602 1738 752 1798 advorsari
764 1738 842 1800 mihi.

140 1814 234 1881 Pane
247 1823 345 1886 Pater,
361 1821 385 1878 si
399 1841 434 1878 ex
448 1839 495 1878 me
509 1819 557 1877 illa
571 1819 677 1878 liberos
693 1818 781 1878 vellet
795 1818 860 1890 sibi,
954 1883 956 1888 ,

139 1903 202 1958 Aut
215 1918 248 1960 se
261 1916 326 1958 esse
339 1917 457 1968 menum.
466 1908 599 1973 nuptam,
615 1897 685 1956 setis
698 1897 782 1956 certd
797 1897 872 1968 scio,

139 1977 211 2037 Non
225 1975 360 2038 meolam
376 1975 505 2046 haberet,
520 1975 600 2052 quod
615 1974 726 2034 oelhsse
740 1975 882 2052 intelligo.

141 2057 245 2130 Nunc,
255 2075 344 2135 quum
360 2054 425 2130 ejus
440 2055 565 2128 alienum
576 2073 637 2124 esse
650 2073 668 2114 a
682 2074 728 2114 me
740 2053 871 2112 animum
887 2055 1022 2125 sentiam,
1051 2094 1053 2100 r
1116 2117 1122 2126 ,

141 2135 210 2196 Neo
224 2144 436 2196 conuenturum
447 2133 585 2194 internos
601 2134 724 2211 posthac
739 2153 803 2194 esse
818 2133 950 2204 arbitrer,

140 2215 342 2288 Quamobrem
355 2213 514 2274 reducaml
556 2213 612 2288 Lo.
628 2215 726 2272 Mater
739 2215 817 2291 quod
833 2213 925 2272 suasit
938 2229 1003 2287 sua,

142 2293 326 2356 Adolescens
341 2294 444 2352 mulier
457 2293 546 2352 feeit:
569 2291 771 2351 mirandumne
785 2292 814 2350 id
828 2293 890 2352 esti

143 2375 267 2435 Censcu’
278 2385 307 2434 te
320 2392 407 2450 posse
422 2371 546 2450 reperire
558 2371 648 2443 ullam
662 2371 822 2442 mulierem,
845 2411 852 2444 ;,
922 2431 925 2440 ,
1104 2379 1144 2439 40

142 2453 221 2522 Qun
234 2464 332 2515 caream
345 2451 454 2530 oulphl
475 2471 512 2510 aa
527 2451 666 2528 quianon
681 2449 856 2527 delinquunt
869 2449 943 2516 viril

142 2531 241 2594 Phid.
256 2535 375 2592 Vosmet
389 2531 487 2590 ridete
495 2530 569 2606 jem,
584 2530 708 2602 Laches,
723 2541 753 2588 et
767 2541 810 2602 tu,
821 2529 985 2610 Pamphile,

144 2611 309 2672 Remieshn’
322 2630 396 2690 opus
411 2610 449 2669 sit
463 2611 555 2680 vobis,
569 2629 606 2670 an
621 2609 744 2671 reduclh
757 2611 888 2677 domum.

145 2691 228 2750 Uxor
241 2693 311 2768 quid
324 2691 424 2770 faeiat,
438 2691 467 2749 in
483 2709 568 2748 manu
583 2709 641 2748 uon
656 2700 701 2750 est
714 2688 795 2750 meh:

143 2769 256 2830 Neutrd
270 2770 300 2829 iu
314 2790 343 2829 re
357 2771 440 2830 vobis
452 2767 607 2843 difficultas
620 2789 637 2826 a
651 2789 698 2830 me
713 2769 777 2832 erit.

142 2849 203 2910 Sed
223 2849 293 2927 quid
308 2847 449 2910 faciemus
463 2847 577 2924 puerol
608 2847 666 2907 La.
680 2847 817 2906 Ridicule
830 2865 931 2924 rogas:
1079 2917 1083 2927 Ι

145 2927 300 3006 Quidquid
315 2925 503 3003 sulturum’st,
518 2925 587 2992 huic
601 2945 687 2985 suum
700 2927 805 2986 reddas
819 2927 943 3000 seilicet,
958 2986 960 2991 .

143 3007 187 3071 Ut
200 3009 317 3082 alamus
327 3017 470 3066 nostrum.
505 3007 593 3066 Pam.
603 3007 703 3082 ,Quem
718 3007 782 3083 ipse
795 3005 922 3083 neglexit
936 3012 1031 3084 pater,
1122 3045 1127 3064 ,

145 3089 210 3166 Ego
223 3087 319 3148 alaml
340 3087 397 3146 Lu.
413 3085 491 3154 Quid
502 3086 597 3146 dlxtil
619 3084 692 3144 ehol
713 3104 751 3144 an
765 3105 824 3144 nou
838 3087 957 3156 alemus,
969 3085 1144 3164 Pamphile?

98 3172 101 3178 '
144 3166 318 3237 Prodemus,
332 3185 443 3244 quaeso,
457 3165 578 3243 potihsl
600 3185 666 3242 quae
680 3165 744 3226 haec
760 3165 885 3240 amentia
897 3165 962 3226 estl
1026 3191 1032 3242 j
1107 3176 1146 3226 50

144 3247 301 3306 Enimvero
316 3265 437 3324 prorsus
447 3247 510 3322 jam
525 3257 623 3306 tacere
637 3264 695 3304 non
710 3265 806 3322 quenz
869 3313 871 3320 Ι
908 3311 910 3316 y
1128 3275 1129 3282 κ

138 3327 224 3394 ,Ναιη
237 3326 321 3404 cogis
334 3345 378 3398 ea,
393 3345 460 3404 quae
474 3324 555 3396 nolo,
574 3333 605 3384 ut
620 3334 761 3401 praesente
775 3325 836 3390 hoe,
845 3321 969 3402 loquar„

144 3403 281 3482 Ignarum
295 3425 396 3465 censes
410 3417 525 3464 tuarum
540 3405 731 3476 lacrumarum
746 3424 805 3464 esse
818 3424 863 3464 me
872 3401 891 3461 l-

143 3489 208 3558 hut
223 3484 295 3566 qnid
313 3486 350 3546 sit
364 3485 404 3559 id,
419 3485 497 3563 quod
510 3483 661 3547 sollicitere
675 3484 711 3545 ad
728 3485 805 3546 huuc
820 3482 961 3560 moduml
990 3479 993 3482 ’
