2402 4036
345 238 473 300 ACTUS
496 237 547 298 lV.
589 235 722 299 SCENA
743 239 799 298 ltt.
1002 245 1060 304 att

59 395 130 456 Tibi
144 395 173 454 iu
189 413 317 467 manum,
333 403 366 453 ut
380 394 467 452 herus
482 393 527 453 ltis
541 391 664 453 desistat
679 393 799 454 litibus:

63 477 137 536 Haec
153 475 221 534 ltine
234 474 372 547 lacessat,
388 483 420 533 tu
436 475 576 533 molestus
591 493 626 532 ne
641 475 707 534 sies.
1024 481 1063 532 30

62 555 126 616 Au.
142 555 235 616 Satin’
248 555 291 614 illi
307 553 346 613 nt
361 564 429 614 suut
442 555 587 635 propitiil
630 555 683 617 Ge.
695 555 774 615 Nam
789 563 836 616 sat
850 553 925 625 scio,

61 637 137 696 Situ
153 636 412 715 reliquampartem
428 637 507 713 aequi
523 636 651 716 bonique
664 636 782 705 dixeris,

62 717 102 776 Ut
115 726 161 776 est
174 717 223 776 ille
238 718 334 775 bouus
348 716 401 788 vir,
418 716 474 776 tria
488 735 546 775 nou
561 717 781 777 commutabitis

60 797 162 858 Verba
176 797 263 856 hodie
277 797 353 856 iuter
366 815 430 857 vos.
473 798 532 858 De.
547 797 623 867 Quis
635 806 664 857 te
679 797 761 857 istuc
771 795 863 876 jussit
876 795 956 873 loqui
969 793 983 851 l

63 877 150 938 Clare.
171 879 265 936 Immo
280 897 338 936 uon
353 878 452 957 potuit
465 879 568 938 melitis
583 877 759 958 pervenirier
947 885 951 892 '

60 959 117 1031 Εὸ,
132 958 193 1038 qud
208 977 262 1017 uos
277 957 419 1019 volumus,
462 959 525 1019 Ass.
542 959 650 1018 Occidi
667 959 675 1020 !
720 959 805 1019 Clrre.
821 957 913 1035 Perge
927 955 1035 1034 eloqui.

63 1039 118 1100 Ge.
142 1037 274 1118 rlprimo
288 1038 377 1098 homo
391 1040 549 1099 insanibat.
594 1040 679 1100 Clere.
715 1039 808 1112 Cedd,
824 1040 895 1118 quid
912 1035 1062 1116 postulati

66 1120 120 1179 Ge.
140 1119 221 1188 Quid
236 1121 250 1179 l
265 1118 410 1257 (piminm3
433 1130 574 1197 quantum
596 1119 693 1180 linuit.
746 1121 831 1180 Cltre.
856 1120 923 1178 Dic.
966 1117 1019 1176 Ge.
1034 1117 1064 1176 Si

206 1199 251 1258 uis
288 1209 349 1258 aret
673 1252 675 1256 .

60 1219 221 1340 Talentulrr
236 1297 385 1356 magnum.
430 1279 514 1340 Clcre.
537 1280 631 1340 lmmo
655 1279 775 1352 malum,
800 1278 915 1339 hercle:
939 1287 971 1337 ut
995 1277 1065 1336 uilril

207 1359 300 1419 udetl
682 1383 685 1392 ·

67 1440 121 1499 Ge.
137 1381 225 1507 Qulld
241 1440 303 1499 diri
318 1438 394 1498 aded
409 1439 455 1498 ei:
478 1459 590 1518 quaeso,
606 1440 678 1518 qnid
693 1439 717 1498 si
732 1437 824 1500 filiam
1026 1446 1064 1497 40

33 1523 34 1530 ’
65 1521 157 1579 Suam
171 1521 288 1579 unicam
301 1518 435 1579 locaret?
457 1520 542 1599 parvi
556 1521 657 1580 retulit

65 1599 134 1658 Nou
149 1601 314 1680 suscepisse
329 1620 337 1659 ε
360 1601 477 1660 inventu
489 1610 545 1672 est,
561 1619 627 1679 quae
643 1601 742 1659 dotem
756 1608 849 1679 petat.

67 1679 114 1738 Ad
130 1699 228 1757 pauca
243 1690 275 1740 ut
287 1679 415 1753 redeam,
432 1701 466 1739 ac
481 1682 596 1742 mittam
610 1681 688 1739 illius
702 1680 846 1759 ineptias;

67 1759 281 1838 Hoec-denique
294 1761 359 1834 eius
373 1761 430 1822 luit
445 1771 590 1837 postremn
604 1763 717 1821 oratic:

67 1839 143 1918 Ego,
158 1841 261 1918 iuquit,
274 1841 368 1918 jnmn
385 1841 530 1918 principio
541 1843 627 1900 amici
643 1841 744 1912 liliam,

68 1921 114 1980 lta
130 1929 162 1978 ut
176 1939 291 2000 aequom
306 1919 411 1992 luerat,
429 1920 506 1978 volui
520 1939 639 1978 uxorem
653 1921 777 1980 ducere:

67 2000 147 2060 Nam
161 2002 232 2060 mihi
247 2001 380 2061 veniebat
397 2002 564 2060 intuentem
580 1999 644 2074 eius
658 1999 885 2072 incommodum,

34 2125 41 2152 s
69 2083 102 2140 ln
118 2079 286 2142 servitutem
301 2101 461 2160 pauperem
475 2081 513 2140 ad
529 2082 621 2140 ditem
635 2081 717 2142 dari:

34 2155 36 2164 '
68 2161 125 2220 Sed
140 2163 214 2220 milti
226 2183 301 2242 opus
314 2173 387 2233 erut,
403 2173 434 2222 ut
449 2163 549 2240 aperte
564 2162 619 2221 tibi
633 2179 712 2220 nunc
728 2161 851 2233 fabuler,

67 2241 289 2317 Aliquantulum
303 2263 369 2320 quae
384 2241 520 2315 adferret,
536 2242 588 2322 qul
602 2242 788 2301 dissolverem
1032 2249 1070 2303 50

69 2323 146 2388 Quae
160 2321 276 2392 debeo;
300 2333 329 2382 et
343 2323 432 2383 etiam
447 2341 535 2396 nunc,
551 2323 576 2382 si
592 2323 653 2382 volt
668 2323 814 2400 Demipho

69 2403 160 2473 Dare,
176 2413 317 2481 quantum
338 2404 378 2463 ab
394 2404 450 2462 hnc
465 2404 592 2482 accipio,
608 2424 674 2483 quae
690 2421 802 2480 sponsa
816 2404 852 2462 'st
866 2402 947 2473 milri,

70 2481 194 2548 Nullum
208 2485 278 2542 mihi
293 2485 404 2552 malim,
418 2483 507 2562 qudm
522 2483 627 2554 istane,
645 2503 764 2543 uxorem
778 2482 852 2542 dari.

69 2559 134 2620 Au.
159 2563 263 2623 Utrum
278 2564 403 2623 stultitid
419 2566 513 2623 facere
529 2583 584 2640 ego
600 2565 688 2636 huuc,
704 2585 741 2624 nu
757 2561 881 2636 malitid,

68 2641 187 2713 Dicam,
203 2645 344 2704 scientem
360 2665 397 2704 an
412 2644 636 2724 imprudentem,
651 2645 779 2704 incertus
793 2665 869 2704 sum.
950 2683 959 2696 ψ

67 2722 129 2782 De.
144 2721 233 2799 Quid,
244 2727 268 2783 si
282 2726 408 2784 animam
423 2725 533 2785 debet't
558 2725 610 2785 Ge.
627 2729 705 2804 Ager
720 2726 876 2804 oppositus
890 2735 931 2784 est
943 2725 1069 2801 pignori,

68 2801 121 2861 Ob
135 2800 239 2861 decem
253 2806 355 2875 minas,
371 2806 474 2882 iuquit.
511 2807 568 2864 De.
591 2810 664 2882 Age,
681 2825 752 2882 agn
770 2805 835 2878 jam
848 2805 958 2864 ducat:
980 2804 1071 2864 dabo.

71 2884 127 2943 Ge.
142 2881 285 2944 AEdiculae
302 2885 368 2942 item
384 2896 451 2942 suut
467 2885 506 2942 ob
522 2885 624 2943 decem
639 2885 721 2944 alias.
766 2886 823 2944 De.
839 2885 897 2944 Oi!
921 2885 990 2944 hui!

72 2961 201 3022 Nimium
215 2973 270 3023 est.
315 2965 399 3024 Clare.
422 2966 469 3024 Ne
485 2965 598 3024 clama:
621 2968 713 3043 petito
728 2965 816 3023 hasce
831 2984 848 3023 a
863 2983 909 3024 me
923 2965 1038 3024 decem.

70 3044 125 3104 Ge.
151 3043 242 3102 Uxori
256 3045 382 3104 emunda
397 3045 536 3105 ancillula
551 3045 607 3103 'st:
629 3057 690 3103 turn
706 3044 843 3124 plusculd
1033 3043 1073 3105 60

70 3121 262 3200 Supellectile
274 3147 350 3204 opus
363 3136 425 3186 est:
448 3145 524 3204 opus
538 3133 584 3185 est
599 3135 696 3184 sumtu
711 3125 750 3185 nd
767 3126 902 3203 nuptias:

71 3205 127 3264 His
141 3203 229 3264 rebus
243 3207 314 3264 saue
330 3225 417 3284 poue,
433 3207 536 3284 iuquit,
552 3206 655 3265 decem
669 3208 773 3265 minas.

71 3285 133 3345 De.
152 3289 309 3346 Sexcentas
324 3287 446 3366 prolude
462 3287 583 3345 scribito
593 3287 657 3363 jam
673 3287 742 3346 milti
756 3285 852 3345 dicas.

70 3365 152 3425 Nihil
167 3367 225 3425 do:
248 3367 410 3444 impuratus
426 3387 471 3426 tue
485 3367 533 3426 ille
546 3377 576 3425 ut
589 3367 678 3426 etiem
693 3365 831 3426 irrideat?

75 3445 163 3507 Clcrc.
185 3448 304 3518 Quaeso,
320 3467 375 3523 ego
390 3448 477 3518 dabo,
493 3447 628 3524 quiesce:
650 3459 681 3506 tu
696 3447 797 3518 modu,
815 3445 891 3505 filius

71 3529 132 3588 Fac
148 3526 273 3668 upillam
288 3527 389 3600 ducat,
403 3548 455 3588 nos
469 3547 559 3606 quam
576 3529 719 3588 volumus.
761 3527 825 3588 Au.
851 3527 908 3587 Hei
923 3526 995 3664 ullibi
1011 3527 1018 3584 !

181 3627 223 3668 er.
