2402 4036
91 233 151 288 208
489 223 697 284 PHORMIO.

91 379 161 439 Non
176 377 262 438 dico:
286 379 371 456 quasi
384 397 442 438 non
457 379 546 453 noris,
562 388 708 440 tentatum
724 378 856 442 advenis.

93 461 152 521 De.
175 460 286 598 Egoned
297 468 394 598 eutpm
410 460 514 534 teotoi
536 460 589 520 Ge.
612 459 740 538 Stilpho.
785 462 882 524 Phor.
903 465 1004 541 Atque
1018 459 1097 524 oded

238 540 267 599 ui
300 558 345 596 me
371 541 385 600 i
1188 586 1189 590 ,

94 559 279 699 Stilphoqeet.
316 619 375 761 Dp
390 621 486 690 Quem
512 619 610 680 droit
633 619 949 701 Pdem'Stiiphonem,
964 623 1102 704 inquam,
1188 595 1189 676 i

216 719 336 760 noveras

10 775 16 790 '
95 782 154 842 De.
176 781 283 858 Neque
296 802 353 862 ego
368 780 447 840 illum
463 782 586 848 norem
607 799 702 858 oeque
717 781 787 842 mini
801 793 946 862 cognatur
960 781 1017 842 fuit

93 861 259 940 Quisquam
275 862 351 923 istoc
365 861 491 921 nomine.
516 860 614 921 Ptor.
630 861 736 922 ltanet
749 881 808 922 non
822 872 851 925 te
864 865 968 924 horum
980 863 1103 942 pudett

92 942 174 1001 Atei
190 942 333 1002 talentum
350 963 410 1002 reru
425 941 591 1018 reliquisset
606 941 730 1001 decern!
930 940 933 950 '

93 1022 154 1082 oe.
171 1021 208 1080 nr
224 1022 277 1081 nu
292 1023 365 1081 nau
381 1022 509 1080 iurauit
532 1019 630 1079 Ptor.
645 1021 762 1082 Primus
773 1042 862 1098 oser,
876 1024 1047 1083 memoriter

92 1101 262 1178 Progeniem
278 1113 402 1166 vnatrmn
418 1121 512 1179 unque
525 1101 564 1160 ab
579 1120 636 1160 avo
650 1112 739 1182 atque
753 1113 841 1164 aravo
856 1103 1020 1184 profereus.
1188 1133 1189 1136 ¹

97 1181 152 1241 De.
167 1180 212 1241 lta
226 1193 259 1241 ut
273 1181 370 1243 dicier
391 1201 446 1258 ego
461 1193 524 1241 tum
540 1181 565 1240 si
578 1180 775 1258 advenissem,
796 1185 849 1263 qui
863 1184 934 1244 mihi

93 1261 227 1340 Cognata
240 1274 377 1333 coesset,
392 1261 537 1322 dieerem:
562 1261 663 1322 itidem
675 1278 708 1323 tn
723 1265 802 1325 face.
1058 1271 1099 1324 50
1188 1269 1189 1316 i

95 1341 190 1416 Cedo,
205 1345 256 1423 qui
280 1355 325 1402 est
345 1344 496 1422 cognatnt
542 1342 795 1417 aeturnum!
817 1345 908 1407 recte.
952 1343 1101 1405 Henetu!

219 1443 305 1484 cave.
749 1469 753 1484 .
1188 1439 1189 1464 ¹

95 1501 193 1563 Ptor.
215 1503 356 1565 Dilucide
369 1503 518 1584 expedivi,
532 1503 642 1582 quibua
656 1523 704 1564 me
718 1506 855 1584 oportuit

93 1582 272 1646 Judicibue:
295 1593 368 1657 turn,
383 1585 407 1644 ei
421 1585 451 1644 id
467 1583 572 1642 falsum
589 1583 695 1656 fuerat,
711 1584 789 1645 iilius

94 1664 156 1724 Cur
165 1684 223 1723 uon
236 1664 367 1726 refelliti
402 1666 461 1725 Dc.
477 1663 583 1722 Filium
599 1683 702 1724 narras
717 1666 796 1739 mihi,
816 1725 819 1732 ,

96 1745 190 1820 Cujus
204 1746 242 1805 de
256 1741 380 1804 stultiut
393 1744 464 1814 dini,
478 1755 513 1804 ut
526 1743 649 1822 dignum
664 1753 719 1816 eat,
734 1763 793 1804 uon
808 1743 929 1824 potenti

95 1823 195 1884 Prior.
216 1827 257 1885 At
271 1835 315 1897 tn,
326 1825 378 1903 qui
391 1823 508 1903 eepieoe
521 1843 564 1896 ee,
579 1823 770 1902 magistratus
785 1825 856 1895 edit

94 1905 246 1967 Judicium
258 1904 296 1964 de
308 1905 413 1966 eadem
427 1902 521 1966 causd
535 1903 641 1964 iterum
655 1915 691 1965 ut
703 1905 833 1968 reddent
846 1904 903 1966 tibi
919 1924 929 1974 ;

95 1983 349 2063 Quandoquidem
363 1986 442 2046 solue
458 2004 573 2064 regnae,
589 1995 619 2044 et
632 1984 685 2044 aoli
698 1985 770 2048 licet

95 2064 154 2125 nte
168 2066 205 2125 de
218 2065 323 2127 eddom
337 2067 429 2128 cenet
443 2067 489 2126 bis
499 2065 647 2143 judicium
662 2064 828 2146 adipiscier.
995 2145 997 2148 Ι
1188 2051 1190 2176 i

95 2146 156 2206 De.
168 2146 231 2206 Etsi
246 2147 316 2208 mihi
329 2145 411 2208 facte
423 2146 532 2224 injuria
544 2146 590 2216 ἐι,
606 2156 806 2207 verumtamen
1062 2143 1106 2206 60

95 2226 211 2299 Potius,
226 2227 315 2306 quim
331 2227 399 2287 litee
412 2234 517 2298 rector,
534 2223 690 2304 amquam
704 2235 734 2286 te
749 2224 879 2298 audiam,

96 2307 203 2368 Itidem
218 2317 252 2368 ut
267 2308 433 2387 cogitaturi
447 2306 538 2377 ait,id
554 2306 636 2385 quod
651 2306 698 2366 lex
707 2307 799 2384 jubet

96 2390 206 2448 Dotem
218 2389 299 2462 dore,
315 2387 432 2449 abduce
448 2389 545 2456 honc;
567 2387 662 2446 minas
671 2390 803 2466 quinque
811 2385 932 2463 occipe.

99 2469 198 2530 Phor.
230 2469 287 2541 Ha,
317 2469 367 2542 he,
398 2469 452 2528 hel
483 2467 571 2525 homo
594 2467 700 2528 suevia.
746 2469 803 2528 De.
824 2464 905 2537 Quid
935 2461 1001 2526 eat?
1034 2481 1105 2523 num

220 2549 350 2627 iniquum
364 2545 504 2627 postulo?

97 2633 145 2690 Au
160 2650 197 2689 ne
212 2630 269 2687 hoc
284 2627 402 2707 iluidenr
417 2627 568 2706 adipiscar
576 2645 642 2704 ego,
657 2625 738 2704 quod
747 2624 800 2703 jue
814 2625 967 2704 pubiicum
980 2622 1051 2682 eset

99 2710 198 2772 Ptor.
234 2710 317 2767 Itane
340 2709 470 2780 taudem,
501 2708 625 2786 quaesot
659 2705 740 2774 item.
767 2715 801 2765 ut
827 2705 1023 2776 meretricem,
1054 2703 1108 2762 ubi

223 2790 333 2848 abusus
348 2789 399 2862 eia,
980 2803 986 2812 '

98 2870 269 2932 Mercedem
283 2869 354 2930 dore
368 2869 413 2930 ier
423 2869 514 2947 jubet
526 2868 564 2942 ei,
580 2875 670 2945 atquc
683 2864 840 2928 emittere?
863 2883 912 2937 eu,
1189 2903 1190 2958 p

100 2953 145 3014 Ut
157 2972 194 3012 ue
208 2950 279 3030 quid
294 2959 381 3029 turpe
395 2950 468 3010 civis
482 2951 511 3009 in
526 2969 559 3008 ae
573 2946 756 3020 admitteret,

99 3035 226 3114 Propter
239 3037 412 3110 egestatem,
428 3030 561 3109 proximo
574 3029 662 3106 jussa
677 3029 715 3086 'et
727 3026 802 3099 dari,

99 3115 143 3174 Ut
157 3121 429 3173 cumunoaetatem
444 3109 584 3187 degeret?
606 3105 734 3189 quodtn
748 3120 842 3166 veras.
1064 3111 1106 3172 70

102 3195 163 3255 De.
188 3195 245 3266 lte,
260 3211 405 3332 prorumpo
417 3193 553 3273 quidem:
575 3201 607 3250 at
627 3205 681 3248 nor
701 3187 800 3247 undet
822 3194 873 3245 out
895 3184 1109 3262 quamobremt

224 3274 365 3334 Picano
387 3274 423 3332 e!

103 3359 223 3427 Actum,
248 3355 342 3428 aiunt,
362 3374 399 3414 ne
420 3373 501 3430 egat.
548 3351 605 3412 De.
628 3349 699 3413 Non
719 3347 828 3427 agam?
848 3347 938 3405 immo
959 3343 1037 3412 ΒΜ.
1052 3343 1105 3404 de·

228 3453 331 3505 mnam,

101 3515 209 3576 Donec
222 3512 373 3596 perfecero
387 3513 457 3572 hoc.
499 3511 599 3570 Pltor.
615 3507 736 3584 ineptis.
764 3507 826 3568 Dc.
837 3503 913 3598 ‘Sine
926 3502 1027 3564 modd.

105 3595 203 3656 Phor.
224 3593 377 3655 Postremo
391 3602 488 3652 tecum
505 3590 575 3650 uitii
592 3589 635 3651 rei
648 3587 745 3660 nobie,
760 3585 919 3666 Demipho,
932 3597 989 3644 eet.
