2404 4038
93 225 134 289 94
340 213 856 278 HEAUTONTIMORUMENOS.

96 367 171 427 Nam
187 367 307 448 expedit
321 369 413 428 bonas
430 386 494 426 esse
509 367 612 428 vobis:
635 387 699 438 nos,
714 368 890 446 quibuscum
906 375 1021 439 astrea,
1037 383 1098 427 nou

219 450 327 507 sinunt.

97 528 217 608 Quippe
231 528 321 586 iurand
333 527 451 606 impulsi
466 528 572 599 nostru,
587 547 640 587 nos
654 537 800 588 amatores
815 529 933 588 colunt:

42 618 46 622 '
96 610 168 668 Haeo
184 609 234 667 ubi
248 608 402 667 immutata
417 621 472 680 est,
488 608 529 666 iili
543 628 627 666 suum
644 610 772 668 animum
787 608 846 668 alid
861 606 1026 674 conferunt.
1059 619 1098 670 10

99 691 161 748 Nisi
176 689 197 747 si
212 698 400 766 prospectum
416 689 525 748 interea
539 689 651 768 aliquid
665 698 721 758 est,
736 689 863 749 desertae
878 691 1014 747 vivimus.

97 769 271 828 Vobiscum
287 787 344 827 uno
360 771 450 828 semei
465 769 515 827 ubi
530 779 645 829 aetutem
660 789 747 848 agere
761 769 913 828 decretum
930 769 965 828 'st
980 770 1062 840 viro„

98 851 191 926 Cujus
216 867 280 906 tuos
303 851 436 907 maxume
463 849 500 907 'st
525 845 684 908 consimilis
708 849 850 921 vostrum,
874 850 904 907 hi
929 869 960 909 ae
984 849 1021 909 ad
1046 869 1099 908 vos

216 947 231 986 a
277 928 378 988 licant.
429 983 432 988 .

99 1002 165 1066 Hoe‘
179 947 326 1066 beddiicio
342 1007 459 1084 utrique
471 1009 510 1067 ab
526 1008 656 1086 utrisque
671 1008 740 1068 vend
756 1008 954 1080 devincimiui,

99 1089 138 1147 Ut
155 1107 314 1165 numquam
331 1089 390 1146 ulia
405 1090 497 1150 amori
511 1097 608 1146 vestro
623 1089 751 1149 incidere
766 1091 858 1166 possit
873 1090 1037 1149 calamitas.

99 1169 162 1228 An.
183 1168 295 1228 Nescio
309 1169 397 1234 aliae:
421 1189 467 1228 me
481 1169 598 1246 quidem
617 1189 732 1246 semper
746 1170 809 1229 scio
823 1171 928 1230 fecisse
941 1169 1057 1240 seduid,

99 1249 141 1308 Ut
165 1268 201 1308 ex
223 1247 306 1386 {ipius
341 1250 498 1308 commodo
534 1269 631 1308 uicum
665 1252 876 1328 compaterem-
897 1249 1099 1312 commodum.

260 1329 360 1388 ..ihi

99 1411 186 1488 Ergo,
202 1408 446 1547 mfea‘Antiphilu
462 1419 493 1468 tu
514 1429 594 1469 nune
614 1411 676 1470 sola
696 1409 837 1471 reducem
859 1431 905 1470 me
928 1411 956 1470 in
971 1410 1102 1488 patriam

100 1569 187 1640 Nam,
200 1509 336 1705 dpatdldds
346 1577 374 1628 te
385 1568 502 1638 absum,
513 1587 613 1628 omnes
624 1567 694 1627 mihi
706 1569 822 1630 labores
833 1569 924 1643 fuere,
937 1590 1011 1647 quos
1020 1571 1100 1650 pepi,
1185 1607 1186 1614 κ

98 1668 355 1804 Praete'rqdddd’tui
369 1729 526 1786 carendum
543 1726 710 1804 quoderat.
739 1729 792 1806 Sy.
815 1731 925 1791 Credo.
955 1731 1000 1792 01.
1016 1732 1102 1810 Syre,

222 1808 269 1867 vix
283 1807 399 1865 suffero.
968 1825 972 1832 “
1057 1820 1101 1873 20

101 1887 232 1944 Haecine
248 1905 293 1944 tue
308 1886 443 1945 miserum
458 1905 516 1946 nou
530 1887 616 1947 licere
630 1908 695 1948 meo
711 1889 799 1948 modo
814 1891 962 1967 ingenium
976 1889 1055 1950 frui!

104 1966 156 2042 Sy.
175 1967 280 2035 Immo,
307 1977 337 2024 ut
360 1977 475 2044 patrem
496 1977 578 2026 tuum
602 1969 663 2027 vidi
686 1990 751 2030 esse
777 1971 920 2042 habitum,
945 1969 1101 2030 diuetiatu

222 2045 310 2105 duras
326 2047 419 2107 dabit.

101 2125 177 2185 Bae.
199 2126 339 2194 Quisnam
356 2127 403 2187 tuo
414 2127 586 2187 adolescens
600 2137 656 2199 est,
669 2128 719 2206 qui
730 2129 851 2188 intuitur
861 2131 937 2190 noui
959 2129 1022 2190 An.
1036 2129 1102 2189 Ah!

224 2207 314 2266 retine
330 2227 386 2278 me,
401 2208 535 2266 obsecto.
633 2205 642 2214 “

103 2283 178 2346 Bac.
200 2287 328 2356 Amabd,
354 2287 425 2365 quid
451 2287 502 2346 tibi
526 2289 596 2348 esti
636 2288 698 2348 Au.
722 2288 868 2368 Disperii!
892 2291 963 2368 perii
977 2291 1102 2350 misem!

225 2368 302 2428 Bac.
325 2367 404 2436 Quid
421 2377 533 2444 stupes,

104 2445 255 2520 Antiphila
266 2450 279 2508 i
300 2447 363 2509 An'.
378 2449 499 2508 Videou'
508 2447 644 2520 Cliniam,
656 2469 695 2508 an
706 2468 764 2506 nou
775 2449 788 2507 i
811 2450 886 2510 Bau.
896 2451 993 2518 Quem
1005 2449 1107 2509 videst

104 2525 149 2585 Οἱ.
171 2526 270 2662 Salve,l
284 2529 379 2648 aupme
394 2529 443 2586 mi.
486 2527 547 2588 An.
568 2527 651 2587 Omi
668 2538 849 2605 exspectate,
865 2530 952 2616 aaivq.
995 2530 1041 2595 Cl.
1063 2532 1105 2590 Ut

157 2655 160 2660 ,
225 2625 325 2664 vaes.

104 2683 167 2743 An.
189 2685 309 2744 Salvum
324 2684 473 2744 advenisse
489 2683 615 2762 gaudeo.
660 2686 704 2746 Ol.
725 2651 862 2748 Teneone
877 2695 917 2760 te,
993 2693 995 2700 ’

102 2764 265 2844 Antiphila,
281 2766 415 2824 maxume
431 2766 528 2824 animo
543 2774 685 2842 exoptata
701 2768 788 2826 meni

102 2841 158 2922 Sy.
180 2847 223 2906 [te
238 2845 334 2906 intrdz'
357 2865 424 2904 nam
437 2865 488 2905 vos
497 2845 675 2922 jamdudum
691 2857 843 2927 exspectat
856 2867 956 2910 senex.

389 3080 519 3142 ACTUS
542 3078 597 3140 111.
639 3080 770 3142 SCENA
795 3080 821 3138 1.

368 3237 559 3296 Cumanas.
602 3237 847 3296 Mantuanus.

110 3405 163 3467 Ch.
186 3405 355 3466 Lucisclu
370 3403 425 3462 hoc
436 3403 518 3479 jam:
541 3422 626 3463 cesso
640 3402 754 3482 pultare
769 3401 876 3460 ostium

106 3487 223 3546 vicinit
244 3485 368 3564 primum
382 3505 417 3542 ex
434 3505 479 3542 me
494 3493 526 3541 ut
541 3483 615 3542 sciat
629 3483 684 3541 sibi
699 3481 791 3541 fliium

108 3567 250 3636 Redisse3
272 3566 328 3626 etsi
340 3564 553 3626 adolescentem
567 3564 626 3623 hoc
641 3561 717 3622 nolle
732 3559 874 3638 intelligo.
