2404 4038
116 295 152 354 to
523 290 693 354 ANDRIA.

112 444 155 506 Ut
169 459 263 520 neque
277 461 323 502 me
338 441 529 515 cousuetudo,
544 463 640 521 neque
654 459 746 514 amor,
761 463 856 522 neque
870 446 969 524 pudor

112 525 313 593 Commoveat,
327 541 424 599 neque
438 534 631 596 commoneat,
647 533 680 582 ut
695 543 805 583 servem
821 523 935 586 fideml
1005 595 1007 599 ¹

110 601 180 680 My.
195 605 292 664 Unum
307 603 363 662 hoo
378 603 450 673 scio,
465 604 541 662 bano
556 605 688 663 meritam
703 625 775 676 esse,
788 613 820 664 ut
834 625 946 665 memor
961 624 1038 665 esses
1053 606 1112 666 sui.

111 682 172 743 Po.
193 684 310 741 Memor
322 682 434 741 essem?
455 701 473 742 o
488 683 590 760 Mysis,
605 683 707 762 Mysis,
721 685 807 744 etiam
823 703 900 744 nuno
917 686 987 757 milri

112 763 230 839 Scripta
244 761 291 820 illa
305 762 385 822 dicta
404 763 512 820 suntin
527 765 621 821 auimo
635 763 787 841 Chrysidis
812 781 814 788 ’

111 841 158 899 De
172 841 324 918 Glycerio.
366 843 432 900 Jam
447 842 537 900 ferme
551 842 675 900 moriens
690 863 736 902 rue
750 852 852 902 vocat:

110 921 252 988 Accessi;
275 939 326 979 vos
339 929 477 990 semotae;
500 939 551 979 uos
567 922 639 981 soli:
661 921 787 1000 incipit;
1071 931 1111 981 50

111 999 156 1056 Mi
170 999 332 1076 Pamphile,
349 1001 435 1078 hujus
451 1000 571 1059 formam
587 1010 677 1077 atque
691 1010 806 1060 aetatem
822 1001 926 1070 vides;

110 1078 175 1138 Neo
190 1079 265 1138 clam
281 1087 310 1138 te
322 1089 375 1150 est,
392 1093 481 1156 quam
496 1080 538 1138 illi
554 1089 682 1157 utraeque
697 1099 741 1138 res
758 1099 834 1139 nuno
851 1083 948 1152 utiles,

109 1157 147 1216 Et
157 1159 193 1218 ad
209 1157 380 1236 pudicitiam
393 1169 423 1218 et
437 1160 473 1218 ad
488 1178 549 1218 rem
564 1158 717 1218 tutandam
732 1159 816 1218 sieut.

110 1237 198 1304 Quod
215 1257 269 1314 ego
284 1247 312 1298 te
327 1258 381 1317 per
396 1239 470 1297 hanc
486 1235 617 1298 dextram
632 1257 693 1310 oro,
708 1249 738 1298 et
752 1239 898 1316 ingenium
915 1248 1006 1310 tuum,

109 1317 166 1376 Per
179 1325 258 1376 tuam
273 1317 371 1388 tidem,
386 1337 499 1396 perque
514 1317 602 1394 hujus
617 1317 813 1389 solitudinem,

109 1398 151 1456 Te
165 1397 307 1468 obtestor,
321 1417 358 1456 ne
371 1398 425 1456 abs
440 1407 469 1458 te
481 1399 556 1457 hauc
571 1417 715 1478 segreges,
729 1417 786 1456 neu
800 1398 936 1464 deseras:

110 1476 141 1536 Sl
155 1485 184 1536 te
199 1477 228 1537 in
238 1477 369 1556 germani
383 1477 479 1536 lratris
494 1477 583 1535 dilexi
596 1477 673 1546 loco,

109 1555 176 1615 Sive
190 1557 256 1616 haec
270 1567 298 1615 te
314 1557 406 1614 solum
421 1575 537 1632 semper
551 1555 620 1612 fecit
633 1555 772 1623 maxumi,
809 1598 816 1610 .

110 1637 170 1695 Seu
183 1635 237 1693 tibi
253 1635 394 1712 morigera
408 1635 465 1694 fuit
478 1635 507 1692 iu
522 1634 611 1693 rebus
626 1635 772 1694 omuibus.

110 1713 152 1774 Te
166 1713 214 1773 isti
229 1713 323 1773 virum
339 1715 388 1786 do,
403 1715 540 1784 amicum,
556 1723 694 1786 tutorem,
709 1725 832 1792 patrem.

110 1797 192 1854 Bona
207 1791 305 1852 nostia
320 1794 385 1852 baec
400 1795 453 1854 tibi
468 1795 619 1872 permitto,
633 1804 662 1852 et
677 1803 734 1853 tuae
749 1794 856 1854 maudo
872 1793 951 1854 fidet.

111 1875 197 1932 Hauc
214 1873 324 1931 mihtin
338 1893 452 1932 manum
469 1875 539 1934 dat:
569 1893 645 1933 mors
661 1875 801 1938 contiuuo
818 1875 911 1952 ipsam
928 1882 1067 1952 occupat.
1190 1949 1191 1952 Ἴ

93 1953 241 2029 uceept:
262 1961 414 2031 acceptam
428 1955 560 2012 servabo.
605 1955 672 2031 My.
693 1957 738 2012 lta
752 1973 835 2032 spero
850 1955 976 2030 quidem.
1190 1999 1191 2022 ,

112 2035 171 2092 Po.
187 2032 310 2170 Sesseur
324 2042 356 2091 tu
371 2033 434 2092 abis
450 2032 488 2092 ab
504 2032 578 2092 ittet
600 2035 669 2112 My.
684 2033 879 2094 Obstetricem
894 2052 1026 2104 arcesso,
1047 2031 1109 2094 Po.
1190 2025 1191 2102 l

257 2131 369 2189 ropera.

112 2197 211 2270 Atque
225 2192 347 2252 audin'l
368 2193 489 2252 verbum
504 2211 593 2252 unum
608 2211 679 2251 cave
694 2191 732 2251 de
745 2193 866 2272 nuptiis,
985 2217 991 2222 ·
1087 2217 1090 2222 Δ

111 2271 157 2332 Ne
172 2271 208 2332 ad
223 2273 356 2332 morbum
372 2271 428 2332 hoc
443 2272 542 2336 etiam.
585 2273 654 2352 My.
668 2271 778 2332 Teneo.

403 2502 532 2584 nouos
555 2505 595 2562 n.
639 2503 769 2562 secun
791 2504 816 2558 1.

259 2657 466 2716 curamus.
507 2656 692 2714 Bruaurn.
721 2651 959 2711 'anauraus

10 2877 11 2882 χ
113 2812 165 2874 Cb.
181 2809 275 2879 QUID
287 2810 341 2902 ais,
351 2809 496 2891 Byrrhial
510 2808 633 2868 daturne
642 2807 690 2866 illa
701 2807 854 2886 Pamplnlo
866 2807 952 2868 lrodie
964 2811 1108 2886 nuptum?

113 2970 164 3031 cn.
180 2890 430 3046 QuffisspeBsyr
444 2967 532 3045 Apud
548 2967 642 3028 lorum
656 2917 746 3027 modo
768 2987 784 3026 e
810 2969 895 3026 Davo
920 2966 1028 3028 audivi.
1052 2967 1107 3026 ct.

10 3093 11 3098 1
233 3051 283 3107 Vae
298 3050 404 3114 misero
418 3049 509 3108 milri!

11 3127 12 3130 ’
109 3131 149 3188 Ut
163 3129 277 3220 animus
301 3127 330 3188 iu
355 3147 405 3204 spe
430 3137 520 3206 atqua
541 3128 571 3186 in
594 3127 696 3188 timore
720 3146 813 3204 usque
831 3127 956 3186 antehac
977 3131 1109 3186 attentus

108 3231 166 3358 lta,
178 3208 332 3364 posldlllam
347 3285 463 3346 ademta
475 3305 542 3362 spes
555 3293 609 3357 eat,
620 3286 723 3353 lassus,
736 3285 807 3344 carl
821 3237 987 3353 confectus,
996 3292 1108 3361 stupet.

110 3369 172 3445 By.
195 3366 468 3524 Quaemvpsdepol,
492 3367 639 3434 Chariue;
660 3366 798 3442 quoniam
814 3383 871 3421 non
886 3373 984 3439 potest
997 3362 1027 3421 id
1042 3361 1109 3422 fieri
1190 3377 1191 3434 t

109 3524 143 3584 ld
161 3523 239 3596 velis,
268 3525 348 3602 quod
365 3525 478 3604 possit.
532 3525 585 3587 Cb.
608 3523 689 3589 Nihil
713 3523 779 3583 volo
807 3521 897 3595 aliud,
923 3522 979 3584 nisi
1004 3519 1106 3584 Philu-
1190 3467 1191 3510 l

230 3623 356 3668 menam.
