2402 4036
503 833 765 912 TERENTlI

400 1121 867 1214 PHORMIO.

422 1427 425 1434 “
516 1439 749 1502 naonocns.
784 1392 787 1398 ¹

134 1629 345 1724 Posncnnns
360 1657 450 1730 potita
463 1660 548 1712 vetus
557 1656 675 1730 po'etam
686 1669 747 1710 non
757 1658 857 1729 potest

134 1735 297 1795 Retrahere
311 1733 350 1793 ab
366 1731 476 1805 studio,
490 1742 520 1792 et
532 1731 684 1792 transdere
695 1731 839 1792 hominem
854 1731 883 1792 iu
898 1731 1002 1805 otium,

134 1813 306 1876 Maledictis
320 1813 476 1884 deterrere,
491 1832 526 1872 ne
540 1812 660 1883 scribat,
675 1824 778 1891 paratc

135 1896 195 1966 Qui
209 1895 250 1955 ita
260 1893 388 1965 dictitat,
404 1893 616 1972 quarantenae
630 1891 701 1951 fecit
713 1892 840 1966 fabulas,
942 1936 949 1952 .

132 1976 233 2037 Tenui
248 1993 313 2035 esse
327 1974 461 2035 oratione
474 1981 506 2034 et
519 1972 664 2050 scripturn
677 1972 733 2030 levi
745 1993 754 2040 ;

134 2057 214 2126 Quia
227 2073 373 2132 nusquam
386 2054 518 2114 insenum
536 2052 654 2132 scripsit
667 2052 921 2116 adolescentulum

132 2139 259 2198 Cervam
270 2133 369 2196 videre
379 2133 491 2213 fugere,
505 2136 612 2194 sectari
626 2152 724 2206 canes,

132 2219 171 2279 Et
184 2235 248 2276 eom
264 2216 391 2294 plorare,
405 2234 497 2286 orere,
510 2225 542 2274 ut
557 2211 713 2274 subveniat
727 2213 793 2274 sibi.

132 2297 222 2366 Quod
238 2298 263 2356 si
278 2296 463 2374 intelligeret,
477 2315 568 2374 qrrcm
582 2294 664 2353 stetit
672 2293 740 2354 olim
756 2314 842 2368 nova,

133 2377 249 2438 Actoris
263 2376 353 2456 opera
367 2375 460 2453 magis
471 2375 584 2436 stetisse
597 2373 683 2452 quam
698 2373 761 2448 sud,
951 2403 956 2416 ·
1102 2384 1139 2434 10

133 2459 237 2518 Minus
250 2457 344 2518 multd
358 2456 508 2527 audacter,
521 2454 609 2535 qndm
625 2473 703 2513 nunc
716 2453 811 2526 laedit,
826 2453 965 2526 laederem

133 2540 172 2598 Et
187 2539 277 2618 magis
294 2538 451 2617 placerent,
465 2556 538 2618 quas
552 2535 673 2596 fecisset
687 2533 813 2594 fabulas.

122 2620 222 2695 ,Nunc
238 2619 342 2698 siquis
357 2627 411 2689 est,
426 2617 478 2695 qni
494 2619 551 2676 hoc
566 2615 658 2690 dicat,
671 2617 772 2676 actsic
786 2615 912 2694 cogitem

133 2701 228 2760 Vetus
243 2699 266 2759 si
280 2706 371 2779 poeta
382 2717 439 2759 non
454 2699 619 2760 lacessisset
633 2697 723 2774 prior,

133 2780 254 2840 Nullum
269 2779 396 2840 invenire
410 2779 562 2857 prologum
578 2779 724 2855 potuisset
739 2797 842 2848 novus,

133 2861 233 2930 Quem
247 2860 370 2931 diceret,
385 2860 440 2919 nisi
456 2859 586 2928 liaberet,
602 2858 651 2916 cni
665 2857 872 2933 malediceret:

132 2943 161 3000 Is
178 2941 235 3000 sibi
248 2959 423 3020 responsum
435 2939 491 2999 lroc
503 2937 625 3007 habeam
647 2937 676 2995 iu
691 2937 788 2996 medio
803 2937 937 2996 omnibns

132 3023 262 3082 Palmam
275 3041 339 3080 esse
351 3021 486 3095 positam,
502 3020 552 3098 qni
566 3026 659 3078 artem
671 3026 796 3076 tractant
811 3018 962 3076 musicam.

132 3102 188 3161 Ille
202 3101 241 3162 ad
256 3100 362 3162 famem
378 3101 456 3160 hnoc
470 3101 509 3160 ab
523 3099 621 3158 studio
634 3097 745 3158 studuit
759 3096 899 3174 rejicere:

136 3183 194 3242 Hic
209 3181 389 3262 respondere
404 3181 507 3251 voluit,
524 3199 581 3239 non
595 3179 748 3238 lacessere.
1100 3187 1139 3239 ¹20

131 3259 302 3324 Benedictis
316 3263 339 3322 si
352 3263 501 3334 certasset,
515 3259 650 3322 audisset
659 3259 741 3318 bene.

133 3345 222 3415 Quod
237 3343 275 3403 ab
290 3344 355 3422 ipso
369 3343 490 3403 allatum
506 3351 561 3412 est,
573 3337 603 3398 id
615 3338 670 3397 sibi
683 3359 749 3398 esse
763 3340 885 3398 relatum
899 3347 995 3417 putet.

135 3427 181 3486 De
193 3424 243 3484 illo
252 3424 316 3502 jam
331 3421 421 3484 tinem
435 3421 541 3484 inciam
555 3419 679 3480 dicundi
690 3419 772 3488 mihi,

132 3505 284 3566 Peccandi
296 3523 386 3582 quum
401 3505 464 3583 ipse
476 3501 514 3561 de
528 3521 559 3560 se
573 3499 662 3560 finem
674 3519 733 3560 non
748 3499 830 3559 facit.

133 3587 223 3646 Nunc
237 3584 309 3666 quid
326 3584 423 3656 velim,
444 3584 573 3644 animum
587 3580 743 3642 attendite.
786 3579 923 3660 Adpcr'to
939 3599 1073 3652 novam„
