2404 4038
471 304 704 396 innocuus.

488 511 616 610 serm
643 549 684 608 11.

103 704 232 768 Tuum.
260 702 424 770 Tuusso.
455 707 650 768 Psnmnuo.
685 701 856 767 Gusruo.
889 706 1068 765 Prrnrss.

88 863 143 927 Tb.
158 869 302 926 Annuus
317 887 421 928 vocem
434 867 496 927 riso
510 887 574 928 sum
589 867 678 928 modd
693 866 803 926 militis.

83 947 184 1024 Atque
197 951 300 1006 eccum
313 947 321 1008 l
347 949 444 1019 Salve,
459 949 500 1007 mi
511 949 635 1008 Thraso.
681 945 753 1008 Τὴν.
768 949 797 1006 Ο
811 945 905 1006 Thais
918 964 992 1018 mee,

84 1023 187 1086 Meum
203 1026 346 1098 suavium,
369 1028 441 1108 quid
453 1029 573 1107 agiturl
592 1027 701 1106 ecquid
715 1045 768 1086 nos
782 1045 863 1086 ames

86 1103 133 1166 De
147 1106 270 1167 fidicine
284 1107 379 1166 isiaci
412 1109 472 1169 Po.
486 1109 585 1176 Quam
600 1109 723 1168 venuste
737 1109 745 1166 l
767 1105 848 1185 quod
862 1104 945 1165 dedit

75 1182 264 1266 'Principium
280 1187 458 1248 adveniens!
494 1188 548 1248 tls.
569 1188 729 1248 Plurimum
741 1187 845 1246 merito
860 1196 923 1245 tuo.

87 1263 149 1326 Gn.
162 1269 271 1326 Eamus
284 1287 353 1344 ergo
367 1268 405 1327 ed
420 1289 551 1329 coenam:
566 1269 636 1346 quid
652 1269 734 1328 stesl
770 1269 830 1326 Pu.
847 1269 923 1326 Hem
935 1265 1078 1326 ulterumr

86 1343 131 1406 Ex
147 1347 264 1408 bomine
280 1349 356 1406 hune
367 1357 465 1408 netum
480 1348 589 1409 dicasl
635 1349 707 1409 Tbr.
722 1348 782 1406 Ubi
797 1347 850 1417 vis,
865 1365 922 1405 uon
938 1365 1047 1405 moror.

88 1424 149 1487 Pu.
164 1427 274 1498 Adibo,
289 1438 380 1506 atque
395 1428 588 1498 adsimulabo,
605 1431 687 1504 qussi
702 1447 779 1486 nunc
791 1445 904 1486 exeam.

86 1503 208 1578 ltumu’,
222 1509 326 1576 Thais,
339 1509 481 1586 quopiam
496 1509 548 1568 esl
595 1509 650 1567 Tb.
665 1508 774 1566 Ebeml
798 1507 951 1576 Parmeno,

87 1583 167 1647 Bene
180 1587 276 1724 fecisiti
288 1587 407 1723 :oehodie
420 1588 506 1648 iture.
540 1589 599 1646 Pa.
615 1587 707 1656 Quot
738 1587 794 1646 Tb.
808 1585 910 1656 Quidt
934 1587 1013 1645 hune
1028 1603 1091 1724 nqq

210 1683 236 1724 vr
260 1685 291 1724 es

91 1743 151 1805 Pa.
166 1743 272 1817 Video,
287 1754 318 1804 et
333 1764 378 1804 me
392 1746 501 1807 toedet:
523 1745 574 1806 ubi
589 1746 641 1814 vis,
661 1746 739 1805 donc
751 1745 858 1806 adsunt
872 1745 926 1805 tibi

88 1829 116 1883 A
133 1825 275 1884 Phaedris.
321 1825 392 1884 rur.
407 1826 488 1894 Quid
502 1825 634 1886 stamusl
655 1845 707 1891 cur
720 1829 777 1884 oon
793 1827 865 1886 imus
881 1827 972 1886 bincl

90 1901 152 1965 Pa.
168 1907 277 1971 Quaeso
293 1905 390 1964 hercle
407 1917 438 1964 ut
450 1907 547 1978 liceat,
563 1925 638 1984 poce
652 1907 734 1983 quod
750 1905 801 1964 fiat
817 1907 877 1976 tul,

90 1984 168 2044 Dare
183 1983 251 2042 lmic
266 2005 333 2062 quoe
347 1987 491 2056 volumus,
505 1986 659 2046 convenire
673 1995 703 2044 et
716 1985 865 2063 conloqui.

93 2059 166 2124 Tlrr.
188 2065 365 2140 Perpulchra
380 2067 470 2126 credo
484 2067 573 2136 dona,
585 2067 663 2126 houd
679 2067 784 2125 uostris
799 2064 913 2126 similia.

92 2144 154 2204 Pu.
176 2143 232 2202 Res
247 2144 402 2206 indicabit.
444 2149 537 2216 Heus,
547 2145 653 2221 jubete
667 2145 739 2204 istos
755 2145 831 2205 foras

92 2225 189 2297 Exire,
205 2243 279 2302 quos
290 2225 378 2302 jussi,
393 2227 496 2286 ocius:
517 2224 645 2303 procede
661 2236 692 2284 tu
708 2225 778 2285 huc.
1015 2289 1021 2299 ¹

91 2303 136 2363 Er
150 2305 300 2384 AEthiopis
314 2315 360 2366 est
374 2327 463 2384 usque
479 2306 553 2366 beec.
598 2306 669 2366 tur.
685 2305 744 2364 Hic
759 2311 825 2364 runt
838 2313 897 2363 tres
912 2304 1007 2364 minse.

94 2383 156 2446 Gn.
172 2385 237 2446 Vix.
280 2387 342 2447 Pa.
365 2387 426 2446 Ubi
443 2397 474 2447 tu
488 2407 530 2458 es,
545 2387 648 2446 Dorel
668 2385 779 2446 aceede
794 2387 862 2444 buc.
901 2385 1092 2445 Hemeuuu·

214 2467 390 2527 ebumtibil

38 2600 40 2605 ,
95 2539 192 2610 Qndm
204 2543 315 2604 liberali
329 2547 416 2618 secie,
432 2544 521 2622 quim
535 2555 622 2604 aetele
637 2544 766 2621 integri!
1051 2551 1092 2606 20

92 2622 151 2681 Ἧι.
165 2621 212 2682 Ite
224 2645 269 2682 me
279 2625 318 2682 Di
327 2635 437 2694 ament,
449 2625 583 2682 honestus
596 2633 651 2683 est.
674 2627 735 2684 Pa.
747 2625 827 2694 Quid
842 2636 875 2686 lu
885 2625 938 2696 uis,
947 2626 1093 2685 Guntlrol

94 2697 248 2779 Numquid
265 2704 365 2774 babes,
380 2703 459 2781 quod
476 2707 672 2764 coutemnusl
701 2705 772 2781 quid
787 2716 818 2763 tu
831 2717 941 2776 cutem,
951 2705 1093 2766 Tlrmsol

91 2779 228 2850 Taceut3
250 2783 321 2842 sutis
335 2785 466 2844 laudum.
508 2785 566 2844 Fac
580 2785 742 2862 periculum
758 2785 787 2844 in
802 2786 902 2856 literis,

94 2861 154 2922 Fue
169 2863 197 2922 in
212 2863 359 2942 palaestrl,
371 2865 403 2924 iu
420 2865 556 2924 musicis:
579 2885 646 2942 quse
660 2865 784 2924 liberum

95 2944 176 3003 Scire
191 2963 308 3023 requum
323 2957 367 3006 est
381 2945 606 3016 adolescentem,
622 2945 755 3004 solertem
770 2945 859 3004 dubo.

97 3020 169 3082 rur.
183 3025 247 3102 Ego
261 3025 343 3086 illum
357 3027 537 3096 eunuchum,
552 3025 576 3084 si
587 3044 664 3103 opus
678 3026 725 3095 sit,
739 3025 786 3084 vel
798 3024 923 3086 sobrius.

95 3100 154 3175 Pu.
175 3106 275 3183 Atque
289 3106 419 3184 lraecqui
433 3107 519 3177 misit,
534 3125 593 3166 non
608 3107 663 3165 sibi
677 3106 732 3165 soli
746 3106 879 3183 postulet

94 3180 140 3242 Te
156 3182 259 3254 vivere,
270 3195 301 3244 et
315 3186 366 3244 sul
379 3186 468 3244 cousi
481 3186 599 3246 excludi
615 3195 754 3246 coeteros:

96 3259 200 3340 Neque
215 3283 326 3343 pugnes
338 3275 445 3334 narret,
459 3285 555 3344 neque
569 3267 722 3327 cicatrices
736 3284 805 3324 suas
821 3295 823 3298 ·
939 3297 943 3302 -

96 3343 253 3413 Ostental;
275 3365 371 3424 neque
382 3345 435 3406 tibi
450 3349 558 3417 obstat,
571 3348 650 3424 quod
665 3345 786 3424 quidum
799 3343 890 3406 lecit:
1054 3353 1095 3410 ³0

96 3420 218 3494 Verum,
233 3425 284 3484 ubi
299 3426 450 3486 molestum
467 3447 525 3487 non
539 3429 604 3498 erit,
621 3427 670 3485 ubi
685 3437 717 3484 tu
732 3426 821 3496 voles,

97 3501 158 3564 Ubi
172 3513 288 3584 tempus
302 3507 356 3566 tibi
370 3507 435 3579 erit,
449 3517 492 3566 set
507 3508 608 3578 hebet,
629 3507 653 3564 si
667 3516 729 3565 tum
743 3505 893 3582 recipitur.

100 3581 172 3645 Uer.
188 3588 320 3666 Apparet
335 3605 447 3648 servum
463 3589 542 3650 bunc
556 3607 618 3646 esse
632 3585 743 3646 domiui
757 3586 894 3664 pauperis

99 3661 269 3746 Miserique.
290 3747 294 3772 .
312 3667 373 3729 Gn.
395 3669 472 3728 Nem
488 3667 588 3727 hercle
601 3686 689 3727 uemo
702 3676 812 3746 posset,
828 3666 960 3726 eutecio.
