2404 4038
391 210 525 273 acTth
552 211 591 270 V.
630 209 762 271 scunt
789 209 830 270 11.
1071 205 1112 278 69

108 366 259 428 Iatuocine
270 363 454 424 interminata
468 382 545 434 cunr,
560 363 627 422 binc
641 361 752 432 abiens,
767 361 844 422 ituit

109 447 177 524 Py.
200 445 280 516 Quid
295 445 445 504 iaoeremi
466 444 507 504 ita
521 457 551 504 ut
567 454 598 502 tu
608 444 692 520 jdsti,
709 444 762 502 acii
776 441 888 502 credita
903 441 949 502 'rt.

110 527 169 587 Tu.
191 527 334 594 Scelesta,
348 525 419 602 iupo
431 543 514 584 ovem
530 524 701 584 commisisti
714 543 722 584 r
745 523 896 602 dispudet,

107 609 162 667 Sic
176 605 247 664 mihi
259 605 329 664 data
340 623 404 664 ease
419 605 518 664 verba.
560 605 639 672 Quid
651 603 711 662 ittic
726 603 850 662 hominio
863 601 931 660 enti

109 686 177 764 Py.
199 685 278 746 Hern
292 703 366 755 mea,
382 693 468 755 tace:
492 694 567 755 tace,
581 685 724 752 obsecro:
747 683 833 743 rainae
848 699 968 742 onmnor

107 765 260 825 Habemus
274 766 419 824 hominem
435 765 542 843 iprum.
586 763 640 825 Tu.
662 763 723 824 Ubi
737 763 762 824 ir
775 763 841 823 enti
875 762 938 839 Py.
959 757 1054 822 flent
1075 756 1113 818 ad

152 887 156 894 ·
231 845 401 905 sinistram:

108 923 265 984 Videsne?
309 925 364 984 ΤΙι.
387 922 490 984 Video.
533 923 598 1002 Py.
621 920 841 1002 Comprehendi
860 921 946 999 jube,
968 916 1113 998 quantun

254 1011 342 1064 otest.
1073 1003 1114 1061 20

112 1083 171 1146 ss.
192 1023 272 1153 Qdid
288 1085 338 1143 itio
348 1081 495 1155 faciemus,
511 1083 623 1143 stultat
645 1083 709 1162 Py.
731 1081 813 1152 Quid
827 1080 928 1152 incias,
943 1079 1053 1159 rogant

106 1164 185 1223 Vide
197 1163 325 1224 amabo!
348 1164 371 1222 si
387 1181 560 1242 numqaum
575 1164 733 1240 adspicias,
748 1181 782 1222 os
796 1161 951 1240 impudens

8 1279 12 1286 -
109 1243 247 1306 Videtur.
278 1244 333 1306 tt.
354 1244 423 1304 Non
439 1253 493 1304 ert.
523 1245 587 1321 Py.
607 1244 686 1303 Tum
702 1261 768 1322 que
781 1243 847 1322 cjur
860 1239 1041 1304 confidentia
1054 1237 1113 1300 ’eti

515 1480 647 1542 scuNA
672 1481 711 1540 ΙΙ.

330 1640 503 1700 Cannar.
543 1637 672 1700 anrs.
713 1639 890 1702 Prrnraa.

111 1801 167 1864 ct.
189 1804 293 1863 APUD
309 1803 506 1880 Antiphonem
523 1811 656 1881 uterque,
670 1811 763 1866 mater
776 1811 805 1864 et
819 1813 912 1882 pater,

108 1881 206 1950 erari
221 1882 323 1942 dedita
336 1883 434 1960 opert,
450 1882 528 1940 domi
542 1893 633 1952 erant,
649 1891 681 1942 nt
695 1883 775 1943 nulio
790 1887 879 1945 modo

107 1959 233 2021 Introire
247 1980 374 2041 poaoem,
390 1961 459 2040 quin
474 1961 606 2022 viderent
621 1981 679 2024 me.
719 1963 851 2036 Interim,

107 2041 192 2100 Dum
206 2051 275 2100 ante
289 2043 393 2100 ostium
407 2050 463 2114 rto,
480 2047 566 2102 dotus
581 2042 652 2101 mihi
668 2043 787 2122 quidam
801 2043 919 2102 obviam
1006 2063 1009 2068 ·

110 2119 219 2181 Venit:
240 2120 293 2180 ubi
307 2121 376 2190 ridi,
391 2141 447 2202 ego
462 2129 509 2182 me
523 2123 552 2181 in
563 2121 663 2200 pedes,
678 2122 821 2200 quantum
837 2141 925 2202 queo,

109 2199 146 2260 In
161 2201 346 2279 angiportum
362 2201 511 2280 quoddam
527 2204 694 2270 desertumr
718 2202 787 2263 inde
801 2203 871 2264 item

109 2281 146 2340 ln
160 2281 252 2352 aliud,
266 2279 335 2342 inde
348 2280 376 2340 in
388 2281 464 2341 aliud
478 2301 487 2342 r
509 2282 550 2340 ita
565 2282 742 2342 miserrimus

110 2361 167 2421 Fui
181 2360 346 2441 fugitando,
361 2363 478 2437 nequis
494 2379 540 2418 me
555 2369 756 2436 cognosceret.

108 2441 171 2502 Sed
185 2452 268 2502 estne
281 2442 346 2501 brec
360 2440 463 2509 Thnir,
480 2457 567 2516 quarn
583 2439 693 2498 videoi
712 2439 777 2518 ipsa
789 2440 844 2499 'atr
866 2437 985 2498 lraeroo:

110 2520 194 2590 Quid
209 2520 338 2580 sociarat
359 2519 430 2598 quid
447 2520 511 2579 med
524 2519 646 2580 antemi
667 2520 739 2598 qnid
754 2519 845 2582 saciet
859 2517 953 2580 mihtt
1076 2519 1113 2579 10

113 2601 172 2662 Tit.
192 2599 358 2660 Adeamus:
382 2602 457 2660 bone
470 2600 523 2671 vir,
538 2601 627 2672 Dore,
643 2601 734 2664 salvo.
776 2602 833 2662 Dic
849 2600 930 2672 mitri,

110 2679 312 2756 Aufugiuin’t
347 2680 400 2740 ct.
416 2682 507 2752 Hera,
522 2680 644 2742 iactum.
687 2681 742 2743 ΊἎ.
758 2683 849 2744 Satin'
862 2679 893 2740 id
909 2679 963 2740 tibi
977 2677 1100 2754 placent

113 2759 168 2821 ca.
188 2759 269 2820 Non.
313 2759 370 2819 ΊῚι.
393 2759 689 2840 Credin’te-impune
712 2760 905 2824 habitumnit
942 2758 997 2820 Gt.
1018 2757 1113 2817 Unam

233 2839 439 2898 haucnoxiam

111 2918 224 2980 Mitte:
246 2919 271 2976 si
284 2917 371 2978 aliam
386 2919 532 2979 admisero
547 2937 686 2995 unquam,
701 2918 840 2978 occidito.
974 2946 976 2951 .

114 2999 170 3062 ΤΙι.
190 2999 271 3058 Num
301 3018 394 3058 meam
420 2997 563 3058 saevitiam
590 2998 719 3057 verituri
760 2997 813 3058 Clo.
834 2997 914 3058 Non.
957 2993 1014 3058 Tu.
1035 2994 1115 3066 Quid

114 3158 169 3222 Ch.
190 3079 395 3230 Halddtiiidtui,
410 3175 446 3216 ne
460 3176 508 3217 me
521 3103 723 3216 crimindretur
735 3155 802 3218 tibi.
1029 3237 1031 3242 Α

114 3239 171 3300 Π.
191 3238 272 3310 Quid
287 3239 423 3299 secernat
446 3239 498 3299 cla.
521 3237 835 3315 Paululumquiddam.
857 3236 921 3316 Py.
936 3235 1020 3299 Eho!
1041 3250 1114 3316 pau·

234 3319 337 3390 iulum,
352 3319 533 3397 impudeust
701 3373 704 3378 .
881 3329 882 3332 ’

112 3401 162 3459 An
177 3399 307 3477 paullum
323 3401 381 3460 hoc
395 3419 462 3458 eane
475 3397 529 3457 tibi
544 3396 670 3467 ridetur,
685 3396 823 3477 virginem

113 3477 225 3540 Vitiare
238 3480 358 3544 civem?
401 3479 455 3541 Oi.
476 3480 655 3539 Conservam
669 3494 730 3538 esee
745 3473 869 3538 credidi.

112 3557 178 3638 Py.
199 3560 399 3622 Quaenam!
421 3560 469 3621 vir
485 3578 531 3619 me
546 3558 693 3632 contineo,
709 3558 780 3638 quin
795 3557 921 3618 involem
935 3556 967 3616 in
1076 3564 1117 3618 20
