2402 4036
362 244 495 306 uerus
515 243 570 304 ιιι.
612 241 742 304 senus
765 241 831 302 ιιι,
1012 241 1075 314 ,ιιι

82 399 173 460 Pars.
195 399 242 458 lte
265 397 377 458 sectum
402 399 445 457 'sn
481 397 532 457 So.
554 395 633 466 Quid
649 395 744 455 morbi
757 395 825 456 cell
859 395 948 456 Pom.
964 393 1075 457 Febris.

140 475 141 480 '
206 478 254 538 So.
275 476 456 538 Cotidiana?
495 477 585 536 Pam.
607 476 755 535 lineium.
1072 506 1074 514 ,

81 559 106 626 1,
122 557 219 628 sodes,
234 557 329 628 intro:
351 575 511 632 consequor
521 557 584 632 jem
600 565 640 626 te,
654 575 719 614 mee
733 564 838 616 rumen
876 554 924 616 So.
947 556 1021 616 Fini.

82 638 172 698 Pom.
193 638 239 696 Tu
255 638 351 716 pueris
372 655 466 707 curre,
487 634 641 706 Parmeno,
664 633 792 707 obriirur,
814 645 901 714 utque
922 633 966 694 bis
987 653 1075 696 onere

201 715 313 792 adjutu.

82 797 158 856 Por.
181 797 280 866 Quid!
303 815 361 855 uon
385 794 484 856 sciunt
506 793 563 874 ipsi
593 793 679 866 viem,
704 793 824 854 domum
850 793 909 873 qul
931 793 1075 856 redeunti

202 876 292 938 Pam.
312 875 438 936 Cessas?

473 1107 603 1169 SOENA
623 1109 680 1168 111.

466 1261 693 1321 Pumrrsruus.

78 1417 231 1486 Nnonno
246 1433 373 1475 mearum
388 1435 485 1476 rerum
497 1415 612 1475 initium
627 1416 718 1474 ullum
732 1412 861 1474 inveniro
875 1413 1024 1487 idoneum,

80 1496 167 1557 Unde
181 1496 314 1555 exordiar
327 1515 452 1568 narrare,
469 1515 535 1573 quae
550 1515 605 1554 nec
619 1495 754 1573 opinanti
768 1492 924 1564 occiduum

80 1576 189 1636 Partim
203 1594 270 1654 qnae
284 1577 420 1653 perspexi·
432 1576 476 1635 lris
491 1576 591 1644 oculis,
611 1574 720 1654 purtim
735 1593 802 1652 qure
817 1572 1055 1651 eccepinuribus

81 1654 147 1724 Quu
162 1674 209 1714 ure
224 1666 342 1733 propter
355 1657 552 1716 esenirnolum
570 1655 659 1714 cilius
672 1654 760 1712 educi
774 1653 861 1713 forus.

80 1735 154 1794 Num
171 1734 260 1794 modb
274 1755 320 1794 rue
334 1735 411 1795 iulrb
426 1744 460 1796 ut
473 1735 601 1815 corripui
615 1733 746 1806 timidus,
761 1734 819 1792 ulio
832 1732 995 1811 suspicans.

80 1815 189 1874 Morbo
213 1835 259 1875 me
281 1815 408 1876 risurum
430 1815 586 1886 adiectam,
611 1834 646 1874 ec
671 1815 744 1872 sensi
769 1833 843 1883 esse,
866 1833 1004 1883 osorem:
1026 1812 1073 1877 bei

200 1893 284 1954 mihil

80 1974 236 2051 Postquam
253 1993 299 2034 me
312 1971 473 2052 adspexere
494 1973 608 2033 ancillae
621 1971 781 2041 advenisse,
796 1971 862 2030 ilico
875 1991 974 2032 omues
989 1972 1075 2032 simul

78 2053 170 2113 Laetee
184 2053 361 2125 exclamant,
377 2055 475 2114 veuit!
497 2053 525 2111 iri
540 2053 621 2132 qubd
639 2071 684 2111 me
698 2061 815 2128 repenle
830 2050 1036 2127 adspexerant.

79 2132 138 2191 Sed
154 2132 296 2193 couliuub
311 2133 419 2192 vonum
435 2153 533 2194 eurum
547 2133 624 2192 scusi
638 2131 784 2191 immutari
796 2129 937 2199 omnium,

80 2212 158 2280 Quia
170 2221 231 2272 lom
246 2213 431 2274 incommode
442 2215 499 2279 illis
511 2215 569 2272 fors
583 2213 731 2272 obtulerat
742 2210 899 2270 adveutum
917 2227 1023 2270 meum.
1038 2219 1074 2272 lo

79 2291 145 2351 Une
159 2291 272 2354 illarum
286 2297 394 2352 interea
408 2294 533 2372 properb
548 2292 750 2368 praecucurrit,
765 2288 903 2348 nuntians

79 2373 129 2431 Me
144 2372 272 2431 venisse:
295 2393 361 2450 ego,
376 2373 438 2449 ejus
451 2371 567 2431 videndi
582 2370 716 2447 cupidus,
730 2367 809 2429 reoli
823 2387 1000 2446 consequor.

80 2453 237 2530 Postquam
253 2453 360 2523 introii,
374 2452 521 2530 esremplo
536 2451 600 2526 ejus
616 2451 748 2510 morbum
763 2449 885 2525 cognovi
898 2449 984 2507 miser
993 2469 1002 2517 ς

80 2531 155 2590 Nam
170 2550 273 2609 neque,
288 2542 320 2592 ut
332 2533 419 2592 celeri
433 2539 544 2608 posset,
560 2541 675 2607 tempus
691 2529 813 2606 spatium
826 2528 916 2588 ullurn
932 2528 1034 2600 dabar,

79 2611 183 2688 Neque
197 2630 268 2670 voce
282 2613 348 2682 urin,
363 2632 398 2671 ac
414 2631 458 2672 res
473 2611 621 2678 monebar,
636 2610 699 2687 ipsa
713 2619 827 2687 poteret
841 2609 992 2687 conqueri.
1074 2651 1078 2658 -

78 2692 237 2769 Postquam
252 2693 383 2771 adspexi,
398 2692 417 2751 b
431 2691 544 2751 lacinus
558 2691 727 2769 indignum!
750 2690 884 2768 inquiunr
902 2699 933 2749 ct
946 2689 1074 2766 corripui

118 2823 122 2830 ,
197 2771 266 2830 ilico

77 2853 129 2914 Me
142 2851 211 2914 inde
224 2851 399 2921 lacrumans,
413 2847 574 2910 incredibili
587 2868 618 2906 re
630 2857 719 2926 elque
732 2848 826 2907 atroci
840 2847 977 2925 percitus.

77 2934 176 2992 Meter
186 2933 396 3010 consequitur:
413 2929 477 3006 jem
489 2941 522 2988 ut
536 2929 622 2986 limen
636 2930 756 2998 exirem,
770 2927 807 2986 ad
822 2945 917 3006 genua
931 2926 1051 2997 eccidit,

74 3013 254 3073 [nominans
270 3015 392 3071 misere:
425 3009 582 3068 miseritum
597 3017 652 3067 est.
693 3007 833 3067 Profeolb
848 3007 906 3065 hoc
919 3006 960 3066 sic
975 3017 1027 3078 est,
1040 3015 1073 3066 ut

219 3100 289 3152 uto:

74 3111 225 3232 omnibuis
249 3170 334 3232 nobis
358 3178 392 3230 ut
413 3189 458 3230 res
477 3168 548 3228 deut
568 3185 642 3240 sese,
662 3166 705 3232 ile
725 3165 821 3244 magni
841 3173 929 3246 alque
949 3165 1072 3226 humiles

196 3271 305 3310 sumus.
1033 3255 1073 3308 20

75 3332 164 3392 Hunc
177 3331 283 3390 babere
298 3330 457 3389 curionem
473 3347 586 3388 mecum
601 3345 619 3385 e
632 3325 778 3406 principio
792 3326 917 3386 inscitie:

74 3413 105 3473 Ο
130 3412 170 3472 mi
194 3410 363 3550 Pedmphile!
386 3411 439 3470 ebs
463 3419 492 3470 te
513 3409 703 3486 quemobrem
728 3409 794 3467 heco
815 3407 930 3481 obierit,
952 3425 1072 3468 ceuseru

197 3511 227 3550 vr
250 3511 299 3560 es;

74 3570 154 3632 Nam
169 3571 271 3632 vitium
282 3579 325 3632 cot
335 3569 464 3631 oblelum
478 3565 583 3654 virgini
598 3569 676 3642 olim,
687 3567 726 3628 eb
739 3566 837 3628 nescio
848 3586 909 3648 quo
919 3564 1072 3646 improbo:
