2404 4038
113 212 170 274 136
381 265 386 271 .
518 217 710 279 ADELPHl.

113 373 166 432 Ge.
190 373 274 431 'Nam
288 372 384 432 hercle
407 372 479 432 alins
496 381 582 432 nemo
605 371 728 452 respicit
749 391 811 430 nos.
854 370 903 430 So.
924 369 1054 447 Propera
1069 379 1108 436 tn,

232 473 293 511 mea
305 454 462 523 Canthara,

111 534 433 673 Currcznthitsetsqieqem
449 553 574 608 arcesse,
598 545 643 604 ut,
665 553 730 592 esum
758 553 833 611 opus
855 531 902 602 sit,
925 551 962 590 ne
979 531 1009 588 in
1031 545 1108 592 mora

503 856 633 917 SCENA
657 858 714 917 ΙΙΙ.
756 864 759 870 “

453 1013 596 1074 Danau.
639 1015 771 1074 Sumus.
884 1009 885 1012 ’

112 1171 170 1230 De.
194 1169 384 1228 Dlsenutll
407 1169 614 1246 Ctesiphonem
629 1169 729 1228 audivi
746 1169 837 1230 tilium

109 1251 178 1312 Una
192 1249 319 1316 adfuisse
333 1251 361 1310 in
376 1251 508 1328 raptione
519 1269 586 1308 cum
600 1251 749 1310 AEschino.

110 1333 144 1390 ld
161 1332 264 1396 misero
279 1341 368 1390 restat
383 1331 453 1389 mihi
467 1331 545 1400 mali,
561 1331 585 1389 si
600 1331 679 1390 illum
696 1338 804 1409 potest,

110 1414 170 1480 Qui
183 1412 269 1470 alicui
283 1412 324 1470 rei
338 1421 391 1481 est,
406 1412 492 1470 etiam
507 1431 574 1470 eum
590 1411 627 1470 ad
643 1412 803 1489 nequitiam
817 1409 978 1472 abducere.

111 1495 171 1552 Ubi
185 1513 241 1566 ego
255 1493 337 1550 illum
351 1493 501 1570 quaeram!
522 1491 612 1550 credo
625 1491 788 1551 abductum
802 1491 830 1550 in
843 1511 969 1571 ganeum

109 1573 238 1652 Aliquo:
261 1572 409 1649 persuasit
422 1571 470 1630 ille
485 1571 627 1646 impurus,
643 1582 688 1630 sat
702 1574 778 1640 scio.

111 1654 172 1713 Sed
184 1673 289 1711 eccum
304 1655 408 1730 Syrum
422 1651 463 1710 ire
479 1651 563 1708 video
576 1652 583 1709 !
607 1651 675 1709 hinc
690 1653 774 1710 scibo
786 1653 860 1728 jam,
877 1653 928 1713 ubi
941 1652 1017 1724 siat3

110 1738 210 1812 Atque
226 1731 321 1790 hercle
336 1731 384 1790 hic
400 1729 438 1789 de
453 1749 539 1808 grege
553 1731 603 1810 illo
617 1741 680 1790 est:
703 1731 727 1790 si
742 1751 788 1790 ma
802 1734 924 1794 senserit

109 1815 182 1872 Eum
200 1811 365 1889 quaeritare,
381 1829 540 1888 numquam
555 1811 635 1870 dicet
651 1812 801 1879 carnuser.

110 1894 178 1952 Non
193 1891 347 1950 ostendam
363 1909 407 1948 mc
421 1891 451 1949 id
463 1891 545 1950 velle.
587 1889 640 1968 Sy.
662 1892 786 1952 Omnem
802 1911 864 1952 rem
878 1891 969 1953 modd
983 1892 1060 1964 seni,
1077 1901 1112 1952 10

110 1975 178 2042 Quo
193 1981 282 2050 pacto
298 1991 330 2030 se
345 1970 477 2040 haberet,
492 1989 658 2030 enarramus
671 1971 792 2033 ordine:
978 1981 983 1989 '

109 2053 191 2114 Nihil
208 2051 268 2110 vidi
281 2050 444 2130 quidquam
459 2050 567 2110 laetius.
610 2053 669 2111 Da.
691 2052 749 2111 Pro
760 2052 897 2130 Jupiter!
914 2089 919 2099 ·

90 2185 91 2188 ,
110 2133 246 2192 Hominis
258 2131 411 2190 stultitiam
425 2132 433 2190 l
477 2129 530 2208 Sy.
553 2131 738 2190 Collaudavit
752 2132 867 2192 lilium:

110 2214 198 2284 Mihi,
214 2211 310 2290 quiid
326 2211 472 2270 dedissem
487 2211 653 2284 consilium,
667 2211 728 2289 egit
742 2213 862 2288 gratias.

111 2296 171 2354 De.
195 2294 380 2371 Disrumpor.
422 2291 475 2368 Sy.
491 2295 651 2369 Argentum
666 2293 870 2352 adnumeravit
881 2291 969 2352 ilico:
1040 2353 1044 2358 ,
1120 2305 1123 2312 ’

110 2375 203 2434 Dedit
217 2384 359 2450 praeterea
373 2373 403 2431 in
418 2380 556 2444 sumtum,
572 2371 725 2432 dimidium
741 2373 843 2433 minae:

108 2455 144 2512 ld
161 2453 350 2512 distributum
365 2451 434 2511 sane
448 2454 491 2510 est
504 2473 538 2510 ex
555 2452 709 2512 seutentid.
752 2454 812 2513 De.
835 2453 934 2512 Hem!

111 2535 191 2594 Huic
205 2533 335 2601 mandes,
350 2532 374 2589 si
389 2528 459 2608 quid
472 2533 553 2590 recte
566 2541 701 2590 curatum
716 2532 798 2591 velis.

112 2615 164 2690 Sy.
188 2613 283 2670 Hem!
308 2613 429 2681 Demea,
443 2611 726 2688 haudadspexeram
741 2620 783 2671 te.
824 2612 903 2680 Quid
918 2613 1040 2691 agitur!

111 2694 169 2753 De.
192 2691 272 2761 Quid
287 2691 409 2768 agatur!
433 2699 558 2748 vostram
574 2711 688 2768 nequeo
703 2691 802 2751 mirari
815 2693 884 2751 satis
1072 2701 1109 2753 20

112 2773 278 2834 Rationem.
321 2771 373 2848 Sy.
396 2771 448 2828 Est
462 2769 557 2828 hercle
570 2770 679 2847 inepta,
694 2791 736 2830 ne·
745 2771 841 2831 dicam
857 2773 939 2845 dolo,
978 2787 982 2792 ·

110 2859 209 2934 Atque
224 2851 364 2912 absurda.
405 2849 504 2908 Pisces
518 2859 632 2910 ceteros
647 2871 750 2930 pur-ga,
766 2854 893 2911 Dromo:
978 2877 988 2887 κ

112 2936 261 3013 Congrum
274 2933 361 2992 istum
376 2949 542 2990 maxumum
557 2931 586 2990 iu
601 2933 680 3008 aqud
695 2933 782 2991 sinito
796 2931 897 3008 ludere
937 2969 941 2980 ι

111 3017 283 3094 Paulisper:
307 3013 358 3072 ubi
372 3032 429 3091 ego
443 3030 558 3080 venero,
573 3013 775 3080 exossabitur;

112 3097 196 3155 Prius
221 3095 299 3153 nolo.
341 3095 400 3153 De.
421 3093 564 3152 Haeccine
578 3092 706 3171 flagitia!
751 3093 803 3170 Sy.
824 3092 900 3152 Mihi
920 3091 1043 3170 quidem
1057 3110 1112 3149 non

256 3175 373 3240 lacent;
1035 3207 1039 3220 ·

113 3258 152 3316 Et
166 3195 262 3314 clamis
277 3273 367 3327 saepe,
383 3251 563 3311 Salsamenta
574 3253 649 3324 haec,
664 3252 835 3330 stephanio,

113 3338 174 3396 Fac
189 3343 373 3393 macerentur
385 3331 527 3412 pulchre!
572 3333 630 3394 De.
652 3333 692 3392 Di
705 3343 834 3392 vostram
850 3330 959 3390 fidem!

112 3419 217 3477 Utrum
232 3413 368 3472 studione
381 3412 412 3470 id
428 3410 484 3468 sihi
498 3411 599 3486 hahet,
616 3432 653 3472 an
667 3413 748 3474 laudi
762 3423 849 3490 putat

114 3499 199 3569 Fore,
208 3495 240 3554 -si
254 3490 414 3570 perdiderit
428 3492 567 3568 gnatum!
590 3511 633 3552 vae
647 3492 754 3551 misero
770 3493 840 3551 mihi
852 3491 860 3550 l
1052 3537 1056 3549 .

115 3577 223 3636 Videre
237 3573 339 3632 videor
348 3569 411 3648 jam
426 3569 506 3629 diem
519 3570 614 3646 illuns,
630 3588 721 3651 quum
737 3573 807 3633 iiiuc
821 3591 909 3651 egens
1082 3577 1117 3630 30
