2404 4038
412 311 544 378 ΛΟΜ
563 313 589 376 l.
626 313 757 378 SCENA
777 307 818 376 ll.
1045 301 1050 306 ⁶
1080 325 1116 378 41

118 469 217 544 Quam
233 468 257 530 si
271 466 324 528 das
336 485 467 548 operam,
486 477 600 532 uicum
615 467 728 532 salicae
741 466 880 528 iusaoios.

116 553 158 612 Ei
168 549 250 630 quod
264 565 342 608 nuuc
357 556 420 610 tuis
434 559 531 610 tecum
545 549 634 610 iratus
647 547 772 626 cogitas,
1049 575 1061 608 .-

117 633 219 708 ugone
229 628 330 690 illumi
343 645 410 707 qua
421 627 524 688 illumi
539 647 607 706 quae
618 625 688 688 mai
702 626 859 705 quamsi
878 623 941 688 siuc
951 625 1057 692 modo:
1080 637 1118 692 2⁰

117 709 202 771 Mori
214 728 261 770 me
277 707 396 769 malim:
419 709 536 777 sentiet,
550 707 602 785 qui
612 706 655 768 vis
667 707 760 776 siem

119 791 199 851 ldaec
211 788 312 860 amba,
328 785 386 848 uod
399 785 545 848 mehercle
558 787 631 848 falsi
640 782 815 859 lacrumoli,

119 870 232 942 Quam,
245 867 349 929 oculo·
364 865 487 928 tercado
500 867 615 938 miseri,
631 866 677 926 six
689 867 720 928 si
733 865 922 946 expresserit,
1006 942 1010 952 Χ

119 947 295 1028 Resiiuguei
308 966 317 1008 ε
337 954 369 1008 et
382 954 411 1008 ie
425 946 502 1008 ultro
514 946 686 1008 accusabisa
707 954 739 1007 ai
751 943 836 1007 dslsis
849 945 878 1006 ci

120 1029 210 1090 Ultro
220 1025 412 1108 supplicium.
454 1027 517 1089 Pl.
533 1026 561 1086 Ο
575 1024 726 1104 indignum
740 1024 872 1088 iscioosl
892 1043 971 1088 auco
984 1043 1042 1108 ego
1053 1035 1084 1088 st

117 1107 205 1169 illam
218 1107 373 1170 scelestam
386 1124 460 1178 essa,
474 1115 505 1166 cl
518 1124 565 1166 me
579 1106 729 1178 miserum,
744 1104 837 1166 acolio
849 1125 859 1174 ς

118 1188 160 1252 Et
172 1187 281 1258 talleis
302 1194 334 1246 et
346 1203 444 1246 amore
458 1185 569 1256 ardeoc
589 1194 620 1246 et
632 1185 772 1264 prudens,
786 1183 891 1258 scieas,

118 1265 223 1339 Vivus,
237 1266 400 1344 vidensque
414 1283 522 1358 percos
543 1283 610 1336 uec,
620 1264 696 1342 quid
711 1283 808 1343 agam,
823 1266 898 1327 scio.

119 1347 183 1408 Pa.
205 1347 285 1418 Quid
300 1363 382 1424 agas,
395 1343 452 1404 ussi
464 1351 498 1404 ut
511 1352 540 1404 te
553 1344 678 1402 redimas
691 1353 811 1423 captum
825 1342 914 1423 quim
928 1363 1021 1424 queas

118 1425 264 1488 Minimoi
285 1425 310 1486 si
324 1441 452 1502 nequeas
461 1421 595 1502 paululo,
610 1429 642 1482 at
655 1423 757 1500 quanti
770 1440 882 1501 queas:
1083 1435 1123 1486 ³0

118 1505 209 1568 Ei'oe
222 1515 253 1568 to
265 1505 400 1566 afflictos.
441 1501 506 1564 Pu.
520 1501 603 1572 lianc
617 1500 747 1562 suadesi
788 1501 850 1564 Po.
864 1499 897 1564 Si
910 1504 1006 1583 sapis:

118 1587 240 1666 Neque,
255 1593 453 1665 praeterquam
469 1601 542 1662 quas
556 1582 621 1660 ipsc
634 1599 716 1641 amor
730 1579 878 1644 molestius

120 1666 234 1739 Habet,
249 1665 362 1733 addan
378 1667 415 1724 'et
427 1662 504 1734 illas,
519 1681 596 1740 quas
609 1662 709 1732 habet,
721 1664 803 1724 recle
815 1660 903 1722 ierus.

120 1745 178 1807 'Sed
194 1765 265 1808 ecca
279 1745 289 1804 i
311 1763 344 1806 sa
358 1743 516 1822 egreditur,
530 1741 622 1805 casiri
633 1740 717 1802 fundi
731 1741 899 1811 calamitosa

119 1823 200 1886 Nam
215 1846 256 1906 qu
309 1843 365 1886 nos
377 1841 484 1902 capere
497 1831 626 1900 oportet,
641 1821 705 1883 hacc
720 1820 880 1901 intercipit.

505 2046 653 2124 ,scutis
677 2047 720 2110 ll.

324 2197 450 2260 Tama.
490 2197 683 2264 Pisanum.
726 2201 921 2262 canusso.

123 2358 178 2420 lu.
199 2355 373 2418 M1s1sRA1u
389 2361 455 2419 mel
477 2379 578 2420 vercor
591 2381 628 2420 ue
642 2359 713 2418 illud
729 2359 844 2438 gravius
858 2357 995 2420 Phaedria

120 2439 249 2509 Tulcrii,
264 2456 335 2498 neae
349 2437 497 2509 aliorsum,
512 2447 602 2516 atque
617 2459 673 2516 ego
687 2439 756 2507 feci,
770 2437 927 2517 acceperit,

122 2517 212 2588 Quod
227 2517 288 2578 lserl
298 2517 480 2578 intromissus
491 2537 549 2577 noo
564 2528 619 2578 ast.
662 2519 725 2580 ΡΙι.
738 2517 843 2588 Totus,
857 2517 1010 2590 Parmeno,

1 2662 5 2670 ,
121 2598 242 2670 Tremo,
269 2597 443 2678 horreoque,
471 2605 628 2678 postquam
657 2597 780 2678 adspexi
806 2597 895 2660 hanc.
951 2599 1012 2660 Pa.
1038 2601 1120 2663 Boua

243 2693 407 2737 animosa:

122 2755 244 2817 Accede
257 2757 295 2816 ad
310 2757 406 2834 ignem
420 2754 521 2827 huno;
536 2757 602 2836 jam
617 2759 746 2818 calesces
760 2757 824 2835 plus
838 2758 920 2820 sutis.

124 2837 181 2899 uu.
202 2835 276 2907 Quis
289 2835 340 2896 hic
353 2837 499 2915 loquitari
522 2839 616 2908 ehem,
632 2839 693 2896 iun'
707 2837 756 2896 uic
770 2857 844 2910 eras,
859 2837 899 2896 mi
912 2835 1072 2900 Phaedrial

122 2916 203 2986 Quid
215 2917 265 2976 lsic
279 2915 400 2976 stabasi
421 2937 474 2976 cur
488 2936 545 2976 non
559 2915 640 2977 reoli
656 2917 817 2976 introibasi
839 2917 898 2976 Pa.
914 2919 1062 2978 Celerum

123 2997 171 3056 Dc
185 2997 350 3057 exclusione
365 2996 485 3056 verbum
501 2995 622 3055 nullum.
667 2997 721 3056 ΤΙι.
738 2995 817 3063 Quid
833 2995 945 3056 taces?-

122 3075 186 3138 Pls.
208 3075 296 3147 sine,
311 3077 379 3154 quia
393 3074 462 3135 verd
476 3075 523 3134 hae
538 3076 608 3134 mihi
622 3086 723 3152 palent
736 3093 850 3154 semper
863 3073 951 3148 iores,

121 3159 184 3216 Aut
195 3157 264 3234 quia
278 3175 343 3215 sum
354 3155 432 3234 apud
449 3166 478 3215 le
493 3153 617 3232 primus.
661 3153 715 3215 Tu.
731 3155 825 3214 Missa
835 3157 917 3216 istac
931 3155 1007 3218 face.
1033 3197 1036 3204 ·
1085 3168 1121 3218 10

122 3235 185 3296 Plu.
208 3234 288 3305 Quid
303 3235 414 3295 missal
435 3254 453 3294 o
468 3235 569 3306 Thais,
584 3234 692 3314 'l'haisl
716 3235 825 3294 utinam
840 3245 919 3296 esaei
933 3235 1002 3296 mihi

65 3367 75 3375 .
123 3316 196 3374 Para
210 3333 296 3396 aequa
309 3317 413 3374 asnoris
428 3321 537 3385 tecum,
552 3334 588 3374 ac
604 3314 711 3392 pariter
725 3313 817 3388 lieret,

122 3394 165 3455 Ui
179 3403 230 3455 aut
243 3397 300 3456 hoc
315 3394 369 3462 tibi
382 3393 493 3454 doleret
502 3393 620 3464 itidem,
635 3404 667 3452 ut
682 3394 751 3452 mihi
765 3393 858 3466 dolet,

123 3481 188 3535 Aut
201 3493 257 3552 ego
270 3475 348 3534 istuc
359 3475 411 3534 abs
424 3483 452 3534 te
467 3473 576 3552 lactum
592 3475 673 3532 nihili
687 3471 864 3552 panderem(

124 3553 181 3616 lu.
203 3555 252 3616 Nc
266 3553 368 3614 crucia
381 3562 420 3625 te,
434 3554 569 3624 obsecro,
582 3555 675 3612 anime
689 3553 738 3626 mi,
756 3553 794 3612 mi
809 3553 954 3614 Phaedria.

126 3633 196 3694 Nou
211 3635 274 3714 pol,
288 3634 347 3714 qud
362 3653 535 3712 quemquam
552 3634 619 3712 plus
633 3655 737 3706 amem,
751 3642 802 3694 aut
816 3633 881 3712 plus
896 3633 1026 3710 diligam,
