2402 4036
144 235 204 290 204
536 224 741 287 PHORMIO.

144 381 236 444 Ptae.
252 379 327 453 Eho,
349 400 386 440 au
417 380 447 440 id
476 401 631 442 succenses
663 399 742 442 nuno
770 379 839 441 init
884 380 937 440 Ge.
959 379 988 442 O
1007 381 1139 444 artificem

287 463 409 522 rubum!
1005 503 1008 507 ›
1047 501 1058 516 .

142 543 203 602 De.
217 482 315 620 Egine
330 543 372 602 illi
387 561 444 601 non
459 542 666 603 succenseamt
685 541 782 620 ipsum
795 541 888 620 gestio
958 541 960 544 ’
1005 609 1035 621 ..
1102 537 1140 602 30

142 621 216 682 Dari
229 623 299 682 mihi
311 623 340 682 in
355 621 562 700 conspectum,
579 643 657 682 uuna
673 622 726 682 sud
740 622 830 699 eulpa
842 631 874 681 ut
888 621 962 682 sciat
1194 647 1195 706 t

140 703 249 762 Lenem
265 713 378 782 patrem
394 705 475 764 illurn
491 703 601 763 factum
615 724 661 762 me
676 723 739 762 esse
750 702 933 762 acerrimum.
1194 711 1195 722 ³

141 783 229 842 Pnae.
247 786 340 863 Atqui
352 784 421 842 nihil
435 783 516 856 fecit,
531 795 646 862 patrue,
662 783 742 861 quod
759 802 941 843 succenseas.

140 863 200 924 De.
214 865 294 924 Eece
308 877 405 926 autem
422 865 526 925 similia
539 865 652 936 omuia;
675 883 778 924 omnes
791 873 971 942 congruunt:

139 943 239 1004 Unum
254 945 398 1021 cogndris,
414 965 514 1004 omnes
529 944 619 1004 adris.
661 943 752 1002 Pnae.
763 943 849 1002 Haud
864 945 905 1002 ita
920 944 967 1004 'st

140 1023 200 1083 De.
215 1025 273 1083 Hic
287 1027 315 1083 iu
327 1025 404 1082 nond
420 1034 486 1084 est:
509 1025 557 1083 ille
573 1023 611 1082 ad
625 1022 842 1084 defendendam
857 1043 973 1082 cansam
988 1024 1087 1086 adest.
1194 1023 1195 1028 ’

139 1103 238 1170 Quom
252 1105 302 1162 ilie
316 1115 371 1174 est,
387 1105 436 1164 hio
452 1104 563 1182 praesto
578 1112 640 1164 est:
663 1103 784 1162 tradunt
797 1123 901 1181 operas
916 1114 1046 1164 mutuas.
1194 1089 1195 1176 i

141 1182 192 1243 Ge.
206 1185 303 1244 Probe
319 1185 422 1252 horum
437 1185 515 1244 saeta
527 1183 698 1263 imprudens
712 1184 845 1262 depinxit
859 1203 955 1244 senex.
1194 1217 1195 1266 p

139 1263 199 1324 De.
215 1266 292 1326 Nam
307 1265 336 1324 ni
352 1267 415 1326 haeo
427 1265 468 1326 ita
481 1277 589 1338 essent,
606 1285 670 1325 curn
683 1263 733 1322 illo
749 1265 827 1324 haud
840 1277 942 1337 stares,
960 1263 1102 1324 Phaedria.

137 1343 229 1404 Plroe.
245 1347 275 1404 Si
289 1355 344 1420 est,
360 1357 475 1424 patrue,
490 1348 607 1424 culpam
624 1345 797 1423 utAntipho
809 1345 836 1402 in
851 1365 880 1404 se
891 1345 1051 1414 admiserit,
1102 1349 1137 1402 to
1194 1415 1195 1420 ἵ

137 1424 182 1484 Ex
197 1425 255 1506 qud
269 1447 298 1485 re
313 1427 408 1487 minus
422 1427 463 1486 rei
477 1427 550 1486 foret
564 1437 614 1485 aut
630 1425 713 1484 famae
729 1437 921 1506 temperansr
1194 1469 1195 1488 2

137 1505 207 1564 Non
222 1526 341 1566 eausam
356 1507 435 1577 dico,
449 1509 528 1584 quin,
546 1506 626 1584 quod
640 1505 759 1568 meritus
772 1505 818 1578 sit,
835 1506 919 1566 serat.
1194 1519 1195 1548 r

137 1585 196 1644 Sed
212 1586 323 1666 siquis,
340 1587 415 1660 sorte
431 1587 542 1649 malint
553 1586 642 1645 fretus
656 1586 720 1658 sud,

136 1665 264 1725 Insidias
278 1677 384 1726 nostrae
398 1666 697 1736 feeitadolescentiae,
793 1686 798 1696 ·

137 1749 184 1804 Aa
199 1746 284 1815 vicit;
313 1758 447 1806 nostrane
462 1767 496 1805 ea
511 1747 602 1822 culpa
615 1755 670 1814 est,
690 1764 726 1802 an
737 1744 889 1822 judicum,
940 1774 946 1786 ¹

138 1825 199 1894 Qui
213 1845 292 1904 saepe
307 1834 429 1902 propter
442 1825 577 1884 invidiam
593 1824 726 1884 adimunt
742 1825 835 1898 diviti,

137 1907 199 1964 Aut
214 1914 336 1984 propter
351 1907 577 1966 misericordiam
593 1903 705 1964 addunt
720 1907 865 1985 pauperi}

138 1985 191 2045 Ge.
206 1985 246 2045 Ni
261 1987 373 2046 ndssem
389 2007 519 2058 oausam,
535 1987 682 2046 crederem
696 2006 765 2056 nera
780 1989 856 2044 huno
871 1985 963 2064 loqui.

28 2129 42 2154 ο
137 2065 198 2126 Da.
214 2069 260 2126 An
273 2069 427 2147 quisquam
438 2069 532 2146 judex
547 2077 602 2136 ast,
617 2067 666 2143 qui
682 2067 774 2143 possit
787 2084 905 2126 noscere

136 2147 202 2205 Tua
212 2148 307 2222 justa,
324 2149 375 2206 ubi
390 2158 453 2208 tute
468 2148 587 2206 verbnm
602 2165 659 2204 uon
674 2147 863 2224 respondeas,

135 2225 180 2286 na
196 2237 228 2287 ut
241 2229 290 2286 itte
305 2227 398 2288 fecitt
441 2229 529 2288 Puae.
541 2229 672 2286 Functus
686 2226 898 2286 adolescentuli
912 2235 956 2286 est

136 2307 277 2367 Officium
291 2309 435 2368 liberalis:
460 2318 616 2385 postquam
632 2307 668 2388 ad
680 2306 797 2383 judices

135 2387 331 2461 ventumst,
346 2409 402 2448 non
418 2389 517 2468 potuit
530 2388 659 2464 cogitata
674 2386 827 2464 proloqui:
1039 2413 1042 2422 ·
1194 2385 1195 2458 t

136 2468 182 2526 lta
196 2489 262 2528 eum
280 2479 340 2529 tum
357 2470 490 2530 timidum
505 2469 546 2527 ibi
561 2467 756 2542 obstupefecit
769 2465 875 2546 pudor.
1194 2519 1195 2542 Ξ

133 2547 189 2610 Ge.
205 2551 307 2607 Laudo
322 2551 417 2619 huno;
440 2549 489 2608 sed
506 2569 590 2608 cesso
605 2547 683 2609 adire
698 2545 786 2626 quarn
803 2544 928 2626 primum
943 2545 1064 2604 senem?
1194 2543 1195 2620 i

136 2628 226 2700 Here,
241 2629 336 2689 salve:
360 2631 471 2688 salvom
485 2639 514 2688 te
529 2628 682 2686 advenisse
696 2627 824 2706 gaudeo.
868 2627 926 2687 De.
937 2625 1003 2686 Hot

135 2708 217 2768 Bone
230 2718 342 2782 eustos,
358 2711 455 2767 salve:
477 2709 610 2766 columen
626 2705 839 2778 vertumnus,

135 2789 193 2848 Cui
206 2789 410 2850 commendavi
424 2788 514 2848 filium
530 2787 597 2846 hino
610 2787 710 2846 abiens
727 2807 835 2847 meum.

6 2899 8 2946 ;
69 2925 73 2931 .
138 2869 189 2930 Ge.
204 2872 270 2930 Jam
285 2871 397 2930 dudum
414 2881 442 2929 te
454 2889 554 2928 omnes
569 2887 621 2927 uos
636 2887 777 2926 accusare
792 2865 880 2926 audio

134 2951 298 3024 Immeritd,
311 2953 456 3012 ethorum
471 2971 518 3010 me
532 2949 661 3008 omnium
677 2944 915 3006 immeritissimd.

133 3029 212 3090 Nam
229 3033 300 3110 quid
317 3053 362 3090 me
377 3032 406 3090 in
422 3034 478 3090 hae
492 3051 523 3090 re
538 3030 635 3089 facere
651 3029 767 3088 voluisti
781 3027 860 3087 ubit

134 3111 254 3172 Servom
270 3113 415 3174 homiuem
431 3131 550 3171 eausam
564 3129 645 3184 orare
657 3109 736 3188 leges
751 3128 811 3168 non
825 3107 945 3174 sinuut;

132 3189 240 3267 Neque
255 3193 413 3254 testimonii
427 3191 518 3251 dictio
530 3200 583 3250 est.
626 3189 686 3248 De.
701 3189 789 3247 Mitto
802 3185 908 3246 omnia.

133 3270 224 3329 Addo
238 3273 334 3346 istuo;
356 3273 526 3352 imprudens
541 3271 638 3330 timuit
651 3269 840 3326 adolescens:
862 3266 935 3324 sino.

132 3349 182 3410 Tu
196 3369 294 3413 servos
308 3376 317 3416 ι
338 3353 450 3424 verum,
465 3353 489 3410 si
503 3361 629 3428 cognata
639 3359 682 3408 est
693 3347 839 3417 maxume,

132 3431 203 3491 Nou
216 3431 273 3494 tuit
288 3453 407 3494 necesse
421 3433 550 3494 haberet
570 3430 631 3500 sed.
646 3428 676 3486 id
692 3428 772 3506 quod
788 3428 834 3486 lex
846 3424 947 3504 jubet,

132 3511 242 3571 Dotem
252 3514 380 3584 daretis;
398 3523 539 3592 quaereret
554 3511 642 3569 alium
656 3509 761 3590 virum.

131 3590 199 3659 Qua
213 3595 323 3654 ratione
337 3593 454 3672 inopem
466 3588 566 3672 potius
577 3590 707 3652 ducebat
719 3586 865 3650 domum?
