2404 4038
510 231 679 296 lelllld.

487 469 620 533 scaNn
650 473 701 532 vt.

465 620 600 680 Durus.
632 621 739 682 Sino.

105 781 339 841 Dc.H10nunc
356 799 401 839 me
416 781 721 859 creditaliqnamsibi
737 767 883 863 fallaciam
1076 787 1080 798 '
1195 788 1196 860 l

103 861 233 931 Portare,
249 872 278 919 et
293 861 329 920 el
343 881 390 920 me
405 862 452 921 hic
464 863 605 922 restitisse
620 862 723 938 grau't.
1195 861 1196 884 ³

104 940 149 1000 Si.
164 939 243 1008 Quid
259 942 360 999 Davus
375 945 495 1002 narratl
517 943 581 1003 Du.
592 943 685 1020 AEque
700 940 862 1018 quidquam
874 955 952 998 nunc
968 935 1103 1015 quidem.
1196 990 1197 1020 q

104 1018 305 1158 sinitquet
327 1023 404 1080 lrem.
445 1023 507 1084 Du.
520 1022 601 1082 Nihil
615 1041 744 1100 prorsus.
779 1019 824 1081 st.
840 1021 931 1098 Atqui
946 1028 1104 1097 exspecta-
1196 1027 1197 1042 ¹

245 1119 290 1160 am
329 1101 437 1161 uidem.

102 1180 164 1242 Da.
177 1183 286 1240 Praeter
300 1123 382 1262 iiiam
398 1181 512 1242 evenit:
534 1181 647 1243 sentio:
671 1182 728 1242 huc
743 1181 815 1240 male
829 1179 919 1240 habet
932 1178 1037 1238 virum.

101 1259 145 1321 Si.
160 1261 254 1320 Potin’
268 1283 300 1321 es
315 1262 386 1322 mihi
400 1282 498 1322 verum
513 1262 633 1322 dicerel
655 1263 720 1322 Da.
735 1261 817 1322 Nihil
831 1259 959 1320 facilius.
1039 1281 1042 1288 ’

103 1341 148 1401 Si.
161 1344 240 1402 Num
256 1342 297 1400 illi
311 1343 442 1402 molestae
456 1343 605 1423 quidpiam
621 1343 667 1402 hae
680 1353 747 1402 aunt
762 1341 883 1420 ruptim,

99 1419 225 1500 Propter
240 1421 360 1497 hujusce
375 1423 498 1502 hospitae
512 1424 778 1484 consuetudinsml

101 1502 165 1563 Du.
180 1502 260 1562 Nihil
276 1505 392 1574 hercle;
415 1514 477 1573 aut,
493 1505 516 1560 si
531 1505 617 1574 adeo,
634 1503 719 1560 bidui
728 1511 773 1561 est
786 1509 837 1560 ent
852 1497 939 1560 tridui

102 1583 176 1643 Haec
191 1583 370 1642 sollicitudo.
391 1583 530 1642 Nostin'l
550 1581 656 1640 deiude
670 1581 795 1641 desinet.
1060 1582 1101 1636 10

98 1661 214 1722 Etenim
226 1661 305 1737 ipsus
316 1681 416 1720 secum
431 1679 564 1736 eamrem
580 1662 659 1722 reem
672 1661 816 1737 reputavit
831 1657 888 1718 vit.

100 1742 144 1802 Si.
159 1740 272 1800 Lauda.
294 1743 358 1802 Da.
374 1744 453 1801 Dum
468 1743 635 1802 licitumest
646 1742 683 1816 ei,
697 1741 829 1820 dumque
840 1750 911 1799 aetaa
926 1737 1002 1810 tulit,

98 1821 219 1882 Amavit
228 1841 237 1890 ;
260 1831 320 1880 tum
335 1820 365 1880 id
377 1823 475 1891 clam;
496 1823 585 1893 cavit,
598 1843 632 1881 ne
647 1841 776 1901 unquam
790 1820 917 1882 ialamiae
1096 1823 1100 1831 '

98 1903 143 1960 Ea
157 1921 202 1960 res
216 1901 272 1960 sibi
285 1914 373 1974 esset,
391 1914 423 1963 ut
438 1904 530 1962 virum
545 1903 648 1963 fortem
663 1903 760 1964 decet.

99 1983 187 2042 Nunc
202 2001 293 2041 uxore
303 2002 379 2061 upus
393 1992 457 2044 est:
479 1983 606 2043 animum
622 1980 659 2043 ad
675 2001 795 2044 uxorem
809 1979 935 2059 adpulit.

99 2063 144 2122 St.
160 2063 313 2122 Subtristis
328 2064 404 2124 risus
419 2073 463 2124 est
477 2083 539 2124 esse
551 2065 762 2142 aliquantulum
779 2063 859 2122 milri.

99 2143 162 2202 Da.
176 2144 260 2202 Nihil
271 2154 393 2222 propter
406 2147 481 2206 lianc
495 2163 554 2203 rem
567 2167 576 2215 ς
599 2145 718 2218 sedeat,
733 2143 813 2223 quud
830 2145 984 2203 succenset
998 2135 1072 2228 tilqi.⁸

99 2220 144 2283 Si.
159 2223 307 2302 Quidnam
322 2227 386 2286 esti
408 2227 471 2287 Du.
486 2225 597 2284 Puerile
612 2233 668 2284 est.
690 2221 903 2294 sacrament
925 2221 988 2281 Da.
1002 2215 1098 2284 ΝΜ·

221 2304 263 2365 Si.
278 2305 356 2374 Quin
371 2305 431 2376 dic,
446 2305 518 2382 quid
528 2314 583 2364 est.

99 2384 160 2444 Da.
175 2385 236 2455 Ait,
252 2385 371 2446 nimiam
386 2387 475 2464 parce
490 2385 587 2445 facere
601 2393 741 2445 sumtum.
759 2382 802 2443 Si.
817 2384 868 2445 Me
884 2381 942 2442 uel
965 2379 1027 2440 Da.
1042 2376 1098 2435 Te·

96 2464 164 2535 Vir,
179 2466 285 2541 inquit,
307 2465 455 2526 drachmis
469 2477 513 2525 est
527 2467 688 2525 obsonatns
700 2465 815 2525 decem.
1057 2461 1100 2514 20

96 2543 177 2603 Num
192 2545 251 2602 lilio
265 2545 378 2604 videtur
392 2565 508 2604 uxorem
524 2539 616 2604 dalet

98 2625 207 2693 Quem,
222 2624 327 2702 inquit,
343 2626 380 2684 ad
395 2645 507 2685 cranam
523 2626 638 2684 vocabo
655 2641 782 2684 meorum
798 2624 953 2703 aequalium

96 2702 286 2762 Potissimum
301 2707 399 2764 nuncl
423 2717 462 2775 et,
476 2705 554 2782 quod
570 2705 729 2764 dicendum
747 2706 794 2764 hic
809 2706 873 2776 siet,

96 2779 145 2842 'I'n
160 2803 279 2862 quoqne
294 2785 437 2863 perparce
453 2785 589 2844 uitulum:
619 2805 676 2843 non
692 2785 791 2844 laudo.
814 2785 858 2846 Si.
871 2785 964 2842 Tace

100 2861 162 2923 Da.
172 2863 338 2924 Coarmovi.
359 2863 403 2924 Si.
417 2866 482 2942 Ego
496 2865 608 2935 isthaec,
622 2865 702 2924 recte
715 2877 748 2924 nt
762 2865 843 2936 fiant,
856 2865 964 2922 videro.

18 2981 22 2986 ,
97 2945 244 3014 Quidnam
261 2947 317 3004 hoc
333 2946 372 3005 rei
386 2947 450 3005 estl
471 2947 540 3022 quid
558 2948 604 3005 uic
620 2947 682 3006 volt
697 2957 842 3005 veteratur
857 2943 934 3003 sibit

97 3023 173 3082 Nam
187 3025 210 3084 si
220 3026 267 3084 hlc
282 3027 350 3084 mali
363 3037 406 3086 est
419 3025 591 3106 quidquam,
606 3027 674 3086 hem
688 3026 746 3084 illic
757 3037 800 3084 est
815 3026 881 3085 huic
896 3021 936 3082 rei
951 3027 1052 3098 caput.

327 3205 334 3212 ’
380 3212 512 3312 acras
541 3254 596 3314 111.
631 3254 762 3314 suana
787 3252 812 3313 1.

158 3409 283 3469 Mrsrs.
319 3394 424 3470 Sraro.
462 3411 595 3470 Davus.
625 3411 769 3469 Lusum.
804 3411 1039 3470 Garcaarun.

96 3569 166 3654 My.
180 3569 244 3632 ITA
259 3569 312 3650 pol
324 3569 441 3652 quidem
457 3591 502 3631 res
516 3578 572 3642 est.
588 3579 621 3630 ut
636 3569 719 3640 disti,
736 3569 861 3633 Lesbia:
