2404 4038
272 254 275 267 ¹
401 311 533 374 serus
554 311 579 372 r.
622 311 753 374 scum
775 268 852 374 ms
1098 323 1117 382 r

109 468 162 527 Ita
177 465 279 543 aperte
293 464 388 543 ipsam
406 485 467 526 rem
483 465 574 526 modo
587 465 716 538 loeutus,
731 466 803 526 nihil
817 425 1060 526 circuitioneusus
1073 488 1116 526 es.

112 547 159 605 Si.
182 546 286 606 Ubivis
299 545 416 606 facilius
431 565 533 624 passus
546 546 613 616 sim,
626 565 714 624 quum
729 547 757 604 in
772 547 826 606 bec
837 566 881 618 re,
896 565 942 606 me
956 545 1096 606 deludier.

113 628 181 686 Da.
202 627 285 719 Bona
306 626 397 718 verlra
418 645 529 705 quaeso.
571 626 612 686 Si.
636 625 767 686 lrridest
788 625 857 686 nilril
876 645 922 686 me
946 624 1042 685 fellis:
1064 626 1116 686 sed

113 787 163 846 Ne
186 707 306 924 tengdeo
318 705 429 854 tt'dldldn
451 805 545 866 neque
561 793 593 846 tu
606 785 664 846 hoo
679 785 771 862 dicas,
793 783 846 848 tibi
860 803 918 848 nou
932 785 1117 864 predictum.

264 885 329 924 ave.

514 1092 646 1154 SCENA
666 1095 723 1154 lll.

554 1248 689 1306 Drvus.

116 1404 328 1470 EusssvuRO,
350 1397 443 1470 Dare,
456 1397 528 1458 nihil
542 1399 601 1458 loci
616 1401 652 1458 'st
665 1399 806 1476 segnitiae,
819 1419 915 1480 neque
929 1405 1083 1477 socordis,

116 1483 269 1552 Quantum
283 1479 415 1540 intellexi
428 1477 519 1540 modo
533 1477 607 1538 senis
622 1479 794 1540 sententium
808 1478 846 1538 de
860 1481 987 1558 nuptiis;

117 1564 195 1630 Quae
211 1561 236 1618 si
249 1579 307 1620 non
320 1569 384 1620 astu
399 1557 599 1638 providentur,
620 1579 666 1619 me
681 1567 731 1618 eut
746 1561 847 1618 herum
862 1563 1099 1636 pessumdubunt.

117 1641 185 1700 Nee
201 1639 370 1778 quidlagam
385 1647 497 1700 eertum
512 1640 568 1710 'st;
590 1639 816 1718 Pamphilumne
837 1639 982 1717 adjurem,
1003 1659 1040 1702 su
1054 1663 1118 1704 uus-

241 1740 278 1780 cu
291 1729 349 1779 tem
363 1721 435 1780 seni.
547 1751 551 1757 ,

118 1799 151 1858 Si
166 1799 247 1860 illum
262 1800 404 1877 relinquo,
420 1800 484 1876 ejus
496 1799 564 1858 vitae
578 1798 667 1859 timeo
680 1819 688 1869 3
702 1799 746 1858 sin
760 1799 900 1878 opitulor,
914 1800 1003 1878 liujus
1018 1803 1120 1873 mines,

119 1879 175 1942 cui
189 1879 278 1940 verba
292 1879 362 1939 dure
376 1878 494 1940 difficile
508 1887 563 1940 est.
596 1879 726 1938 Primum
735 1877 798 1956 jum
810 1879 848 1938 de
859 1899 956 1940 umore
970 1881 1026 1940 hoc
1040 1902 1120 1942 com·

264 1960 335 2028 erit;

119 2039 171 2097 llle
186 1979 317 2099 iordane
332 2045 436 2111 servat,
451 2057 488 2099 ne
504 2057 593 2118 quern
607 2038 712 2100 luciam
726 2039 755 2097 in
770 2039 880 2118 nuptiis
894 2038 1056 2100 fallaciam:

120 2119 152 2176 Si
168 2120 297 2190 senserit,
312 2119 408 2198 perii;
431 2128 483 2180 aut
496 2119 520 2177 si
535 2117 659 2180 lubitum
674 2119 773 2190 luerit,
788 2139 903 2180 causam
918 2122 1041 2198 ceperit,

121 2199 190 2266 Quo
201 2199 279 2276 jure,
296 2199 413 2277 quique
427 2198 533 2276 injurie
547 2199 729 2278 precipitem
746 2199 835 2258 mein
851 2199 1004 2278 pistrinum
1027 2201 1120 2260 dubit.

120 2277 168 2336 ud
184 2280 249 2338 haec
264 2281 341 2339 mels
356 2279 413 2338 hoo
426 2279 496 2338 milri
510 2279 626 2338 secedit
639 2279 743 2338 etiem:
767 2277 831 2340 iraeo
846 2279 967 2352 Andria,
1085 2291 1122 2342 10

121 2357 187 2415 Sive
201 2358 257 2417 ista
271 2377 354 2429 uror,
370 2359 430 2417 sire
444 2359 539 2418 amica
552 2367 605 2430 est,
620 2359 740 2436 gravida
753 2379 770 2416 e
784 2359 941 2436 Pamphilo
955 2369 1011 2420 est.

121 2437 290 2515 Audireque
305 2457 407 2498 eorum
421 2447 467 2498 est
479 2455 577 2516 operte
592 2439 718 2514 pretinm
733 2437 905 2507 audaciam

69 2543 72 2548 ·
121 2517 198 2575 Nam
213 2518 352 2596 incoeptio
365 2521 401 2578 ’st
414 2517 583 2588 ensentium,
600 2515 677 2576 haud
693 2517 862 2578 amentium.

120 2595 274 2676 Quidquid
290 2599 461 2677 peperisset,
476 2597 668 2658 decreverunt
680 2597 780 2658 tollere
791 2617 800 2666 3

121 2676 159 2734 Et
173 2677 286 2755 fingunt
300 2679 446 2756 quendem
461 2679 580 2738 interes
593 2675 841 2748 nunelslluoisrn,

122 2755 223 2816 Civem
238 2759 369 2818 Atticam
382 2777 446 2818 esse
459 2759 547 2820 hunc.
587 2758 655 2818 Fuit
668 2758 735 2816 olirn
751 2758 871 2836 quidem
886 2777 982 2828 senex,

121 2838 292 2900 Mercator:
316 2857 420 2898 nerem
435 2838 461 2897 is
474 2838 560 2916 fregit
574 2835 654 2916 apud
670 2837 804 2897 Andrum
818 2834 960 2898 insulem:

121 2916 151 2974 ls
166 2917 239 2976 obiit
253 2927 389 2980 mortem:
410 2917 453 2994 ibi
466 2927 529 2978 tum
544 2920 619 2978 hano
630 2917 756 2994 ejectum
772 2916 921 2995 Chrysidis

122 2997 238 3056 Patrem
252 3001 406 3078 recepisse,
422 2999 534 3070 orbern,
547 3017 678 3076 prrsum.
721 2997 839 3056 Fabulae
852 2999 860 3056 l

123 3077 199 3138 Mihi
214 3079 332 3155 quidem
347 3081 446 3141 hercle
459 3099 516 3138 non
531 3078 566 3140 fit
580 3075 754 3148 verisimile;
776 3077 859 3156 etqui
881 3075 952 3156 ipsis
974 3093 1122 3138 commen-

243 3167 306 3218 tum
322 3161 431 3240 placet.
1085 3167 1123 3217 20

126 3239 179 3298 Sed
195 3240 289 3317 Mysis
301 3242 339 3300 ab
355 3241 391 3302 ed
405 3239 562 3320 egreditur.
607 3239 646 3298 At
659 3257 715 3316 ego
729 3237 797 3298 hino
811 3236 909 3298 meod
924 3236 1030 3309 sorum,
1044 3246 1078 3296 ut

124 3319 302 3380 Conveniam
326 3321 520 3400 Pamphilum,
547 3339 584 3380 ne
607 3317 644 3379 de
669 3317 724 3380 nee
751 3339 783 3379 re
803 3326 887 3398 pater
907 3317 1121 3398 imprudentem

176 3467 179 3470 ,
242 3401 400 3480 opprimet.
