2402 4036
349 235 478 296 ACTUS
499 234 525 296 l.
566 233 758 300 SCENAll.
869 225 871 230 ¹
1006 233 1062 296 16⁵

68 386 158 449 Plril.
177 389 218 448 nt
232 395 262 446 te
278 385 316 447 Dl
332 389 462 467 Deaeque
478 387 629 466 perduint,
644 407 711 448 cunr
726 388 799 448 intuo
813 385 894 457 odio,
909 385 1043 448 lacheal

69 469 150 527 Par·
172 469 213 527 Ut
226 467 263 528 ud
280 487 376 543 pauca
391 469 517 539 redeam,
538 487 659 528 uxorem
674 468 794 528 deducit
808 467 942 528 domum.
1022 462 1064 526 60

68 548 167 606 Nocte
181 546 230 606 illa
246 549 341 626 print
356 548 495 625 virginem
509 567 567 606 nou
582 548 693 626 attigit:

67 627 145 694 Quae
159 639 319 687 consecuta
332 638 378 688 eat
392 648 449 688 nox
464 647 539 697 eam,
553 628 643 686 nihilo
657 627 756 704 magia.

68 707 155 766 Plril.
178 707 258 774 Quid
274 709 333 768 aisl
356 728 423 767 cum
438 707 543 785 virgine
559 707 616 766 und
629 707 800 767 adolescens
812 705 948 767 cubuerit

68 786 139 845 Plde
151 795 249 864 potus,
264 787 313 847 ina
327 806 358 847 ae
371 787 520 848 abstinere
535 795 567 846 ut
582 789 732 864 potueritl

71 866 140 926 Non
154 866 307 926 verisimile
322 866 417 938 diciu3
440 887 494 926 uec
509 885 608 926 verum
623 867 757 926 arbitror.

70 945 150 1006 Por.
171 946 268 1007 Credo
282 947 323 1006 ita
337 947 427 1006 videri
441 947 512 1016 tibi:
536 966 603 1005 nam
618 967 704 1006 nemo
718 949 754 1006 ad
770 956 799 1007 te
813 947 904 1020 veuit,

69 1025 135 1084 Nisi
147 1027 269 1104 cupiens
283 1027 343 1087 tui:
367 1027 414 1086 ille
426 1027 532 1086 invitus
544 1027 622 1086 illam
634 1026 769 1087 duxerat.

70 1095 159 1167 Plu.
180 1107 260 1176 Quid
276 1106 383 1166 deinde
395 1104 452 1166 firt
493 1106 571 1165 Pur.
592 1106 707 1166 Diebus
720 1107 789 1166 sane
802 1105 936 1186 pauculis

69 1186 152 1258 Post,
168 1186 339 1266 Pamplrilua
354 1207 401 1246 me
414 1185 505 1245 solum
518 1185 634 1245 reducit
646 1185 722 1245 torua
735 1205 743 1255 ς

70 1265 247 1344 Narratque,
260 1275 291 1325 ut
306 1267 386 1344 uirgo
400 1265 439 1324 ab
450 1284 481 1326 ee
494 1264 606 1342 integra
619 1265 711 1324 etiam
724 1276 787 1326 tum
802 1265 877 1336 ricta
1026 1269 1069 1334 70

70 1347 169 1423 Seque
182 1355 260 1417 ante,
276 1345 363 1424 quim
377 1365 443 1406 eam
459 1363 577 1405 uxorem
589 1344 724 1408 duriuaet
736 1345 868 1418 domum,

71 1425 217 1503 Sperasse,
232 1446 282 1486 ear
294 1427 418 1488 tolerare
432 1447 522 1505 porse
533 1425 668 1504 nuptias:

70 1505 130 1564 Sed
145 1525 234 1584 qnam
249 1507 393 1566 decrerim
408 1526 454 1565 me
467 1525 524 1566 nou
537 1525 626 1584 posse
638 1505 749 1566 diutius

71 1587 198 1658 Habere,
212 1606 277 1646 eam
291 1587 419 1646 ludibrio
432 1585 544 1658 haberi,
561 1587 716 1658 Parmeno,

73 1667 150 1735 Quin
164 1667 305 1744 integram
320 1667 424 1726 itidem
437 1666 570 1738 reddam,
586 1675 618 1726 ut
628 1667 730 1746 accepi
743 1665 783 1728 ab
796 1666 869 1742 ania,

71 1747 178 1824 Neque
192 1748 347 1806 houeatum
357 1747 439 1819 milri,
454 1765 549 1825 neque
564 1747 633 1806 utile
647 1747 706 1824 ipsi
720 1748 747 1806 vi
784 1747 894 1808 inient.

71 1825 158 1888 Plril.
180 1828 264 1886 Pium
278 1845 313 1886 ac
328 1825 469 1905 pudicum
484 1828 631 1904 ingenium
644 1847 744 1888 narras
780 1826 914 1908 amphili

72 1907 149 1966 Pur.
171 1907 237 1966 Hoc
250 1925 305 1985 ego
319 1906 460 1984 proferre,
475 1906 692 1966 incommodum
706 1908 776 1968 milri
789 1927 851 1968 erae
864 1904 1007 1976 arbitrata

72 1985 170 2046 Reddi
185 1987 262 2066 patri
275 1995 383 2060 autem,
399 1987 448 2046 eui
463 1997 495 2046 tu
507 1987 671 2046 nihildicaa
684 1987 756 2060 vitii,

73 2067 239 2144 Superbum
253 2076 308 2127 ert.
351 2066 408 2126 Sed
422 2067 501 2126 illam
515 2087 611 2142 spero,
629 2067 681 2126 ubi
695 2068 752 2126 lroc
767 2063 948 2146 cognoverit,
1029 2069 1068 2124 80

72 2147 141 2206 Non
156 2166 279 2224 porsena
294 2166 407 2206 mecum
421 2167 497 2218 esre,
511 2148 656 2208 abituram
671 2145 807 2227 denique.

72 2225 160 2286 Plril.
182 2227 263 2295 Quid
277 2227 411 2288 intereat
431 2227 531 2286 ibatne
550 2226 589 2286 ad
603 2227 803 2288 Bacchideml
844 2225 922 2287 Pur.
943 2219 1071 2283 Cotidie.

73 2307 144 2378 Sed,
157 2316 191 2366 ut
203 2304 249 2380 fit,
264 2319 422 2386 postquam
437 2307 514 2366 huno
528 2305 654 2365 alienum
668 2307 707 2364 ab
722 2325 785 2369 aesc
798 2303 890 2379 videt,
1053 2331 1056 2346 ·

64 2386 207 2463 ,Maligna
221 2388 324 2458 multo,
338 2397 368 2446 et
383 2387 474 2464 magis
485 2405 605 2464 procax,
618 2385 698 2446 lacta
712 2387 779 2446 ilico
789 2394 846 2445 eet.

74 2465 163 2525 Plu'l.
179 2467 248 2526 Nou
262 2468 378 2546 aedepol
389 2467 504 2527 mirum.
526 2466 606 2524 Pur.
620 2467 711 2542 Atqui
722 2485 757 2525 ea
770 2484 817 2525 rea
831 2462 923 2524 multo
936 2459 1072 2524 maxume

75 2543 230 2620 Diajunrit
242 2548 320 2607 illurn
336 2548 376 2608 ab
389 2547 449 2618 illa,
464 2555 619 2624 postquam
633 2557 663 2605 et
677 2546 740 2624 ipae
754 2565 794 2617 se,

75 2622 115 2686 Et
130 2626 219 2698 illam,
234 2639 263 2686 et
280 2628 356 2687 hano
370 2646 436 2706 quae
450 2626 531 2686 domi
544 2635 615 2698 erat,
630 2626 770 2704 cognovit
784 2624 863 2697 ratic,

72 2705 122 2765 nd
136 2708 302 2784 exemplum
318 2708 468 2767 ambarum
483 2726 579 2766 mores
589 2727 687 2767 earum
701 2705 879 2767 existimans.

75 2786 161 2860 Haec,
176 2787 218 2846 ita
232 2790 274 2846 utl
288 2788 399 2846 liberali
412 2806 473 2846 ease
487 2787 603 2864 ingenio
614 2787 710 2856 decet,

72 2865 204 2938 Pudens,
218 2866 369 2938 modesta;
391 2864 578 2926 incommoda
591 2874 680 2942 atque
694 2864 813 2942 injuriat
1033 2865 1074 2928 90

73 2947 136 3006 Viri
150 2965 253 3007 omnen
267 2945 349 3017 ferre,
362 2955 392 3006 et
406 2955 503 3023 tegere
517 2945 719 3004 contumeliae.

73 3025 143 3097 llic,
159 3027 273 3085 auimna
287 3027 392 3104 partim
408 3025 506 3084 uronis
518 3023 714 3084 mirericordit

72 3105 249 3177 Devinotur,
264 3107 369 3183 partim
383 3105 477 3165 victus
493 3103 581 3180 lrujus
595 3102 721 3180 injuriis,

72 3185 230 3245 Paullatim
243 3186 356 3263 elupau’
369 3194 414 3246 est
426 3183 579 3253 Bacchidi,
592 3193 682 3260 atque
697 3184 754 3242 huc
767 3179 915 3244 transtulit

70 3269 226 3337 Amorem,
241 3275 400 3344 postquam
414 3284 468 3344 par
482 3263 629 3341 ingenium
645 3271 749 3322 nactur
761 3271 814 3322 ert.

73 3346 190 3409 Interea
204 3347 233 3406 in
248 3347 350 3406 lmbro
363 3345 484 3404 moritur
494 3351 636 3420 cognatus
650 3361 741 3401 aenea

72 3426 221 3486 Horuuo:
243 3445 278 3486 ea
292 3425 329 3484 ad
341 3425 394 3484 hor
408 3426 522 3484 redibat
534 3423 597 3499 lege
612 3421 770 3501 hereditas.

69 3505 117 3568 Et
132 3514 280 3566 amantem
293 3505 414 3564 inuitum
430 3503 618 3580 Pamphilum
631 3500 762 3562 extrudit
781 3506 874 3577 pater.
930 3573 934 3577 .

71 3585 228 3665 Relinquit
242 3605 309 3645 cum
325 3594 416 3644 matre
430 3583 480 3643 luto
494 3601 631 3658 naorern5
653 3599 718 3642 uam
732 3597 823 3641 aenea
861 3581 863 3588 ⁴
