2402 4036
415 351 548 418 Actus
570 355 595 414 1.
637 353 770 418 SCENA
791 350 830 416 11.
1071 359 1127 426 197

122 511 245 572 Lectum
259 519 320 571 est:
341 511 498 571 conveniet
513 529 661 583 numerus,
676 519 816 590 quantum
830 505 931 570 debui.

121 593 177 652 Ge.
193 595 270 650 Amo
284 599 325 662 te,
338 599 439 667 etnoq
453 591 616 670 neglexisse
630 591 726 651 habeo
737 591 870 671 gratiam.

123 671 187 733 Du.
203 671 365 732 Praesertim
381 681 414 732 ut
429 691 508 732 nunc
523 682 593 732 aunt
608 691 724 732 mores:
747 671 822 732 adeo
837 691 884 731 res
899 670 991 738 redit:

121 753 150 811 si
167 751 316 830 quiequid
332 751 439 823 reddit,
455 771 559 832 magna
574 752 710 812 habenda
726 745 763 812 ’el
771 751 875 830 gratia.

121 833 179 892 Sed
195 833 266 911 quid
277 841 310 892 tu
323 851 355 892 ss
370 833 485 893 tristiel
528 833 582 894 Ge.
596 833 717 912 Egonel
739 833 845 904 nescis,
859 851 918 910 quo
934 831 961 890 in
980 838 1072 899 metu,
1087 837 1117 890 el

122 913 244 981 Quanto
257 914 287 974 in
302 913 413 992 periclo
431 913 534 974 simas.
577 914 642 974 Da.
658 912 738 982 Quid
753 914 830 974 istuc
843 913 910 973 estl
954 910 1006 972 Ge.
1022 911 1114 980 Scies,

121 992 217 1053 Modo
231 1003 264 1055 ut
279 1004 377 1056 tacere
390 993 495 1073 possis.
540 995 602 1056 Du.
618 994 678 1053 Abi
693 995 743 1068 sis,
756 991 900 1054 insciens:

123 1074 217 1155 Cujus
231 1083 262 1134 tu
278 1074 367 1134 fidem
383 1075 412 1134 in
427 1075 553 1152 pecnnia
568 1075 764 1154 perspexeris,
1094 1081 1130 1130 10

122 1155 229 1214 Verere
241 1155 330 1214 verba
343 1155 372 1214 ei
384 1155 525 1215 crederel
548 1155 599 1213 ubi
615 1155 686 1234 qnid
702 1156 772 1214 mihi
784 1156 858 1215 lucri
872 1164 927 1226 est,

121 1235 168 1295 Tc
186 1235 309 1374 fallqrel
352 1235 405 1296 Ge.
429 1236 506 1312 Ergo
531 1235 676 1295 ausculta.
728 1235 792 1296 Du.
817 1237 903 1295 Hanc
931 1255 1049 1316 operam
1076 1234 1129 1294 tibi

267 1335 324 1375 reo.

124 1394 178 1458 Ge.
189 1392 274 1456 Senis
289 1393 390 1466 uestri,
404 1395 498 1466 Dave,
513 1395 632 1455 fratrem
649 1393 789 1472 majorem
805 1396 959 1457 Chremem

122 1476 263 1536 Nostin’l
303 1477 367 1538 Du.
383 1475 516 1546 Quidnil
539 1475 593 1536 Ge.
604 1476 706 1545 Quidl
727 1479 792 1554 ejus
807 1487 927 1555 gnatum
943 1465 1106 1534 Phaedriam
1116 1474 1129 1532 'l

123 1556 187 1618 Da.
201 1557 364 1636 Tamquam
381 1565 420 1616 te.
437 1571 439 1578 ’
463 1556 517 1618 Ge.
530 1557 644 1628 Evenit,
659 1557 779 1616 senibus
794 1558 941 1618 ambobus
954 1557 1039 1615 simul

121 1638 192 1710 lter,
209 1636 248 1695 illi
263 1638 292 1696 in
307 1639 448 1697 Lemnum
464 1647 497 1698 ut
510 1648 599 1711 esset,
616 1648 716 1698 nostro
730 1638 759 1696 in
771 1639 913 1708 Ciliciam,

122 1716 171 1777 Ad
186 1717 330 1796 hospitem
346 1718 517 1796 antiquom:
540 1718 565 1777 is
579 1737 677 1778 senem
693 1737 744 1794 per
758 1720 898 1796 epistolas

120 1795 256 1871 Pellexit,
273 1797 363 1858 modb
378 1817 434 1857 non
450 1806 564 1858 montes
580 1799 641 1859 anri
657 1800 812 1878 pollicens.

124 1879 188 1938 Da.
204 1879 260 1938 Cui
273 1888 355 1938 tanta
368 1887 433 1939 crat
445 1897 503 1948 res,
517 1889 548 1938 et
563 1881 734 1955 supererat?
777 1882 830 1940 Ge.
847 1881 988 1939 Desinas:

123 1958 405 2035 Sicestingenium.
449 1957 511 2018 Du.
524 1957 593 2018 Olrl
616 1977 714 2035 regem
730 1979 776 2018 me
791 1981 854 2020 esse
871 1961 1011 2038 oportuit.
1090 1967 1129 2020 20

126 2037 179 2097 Ge.
194 2039 350 2098 Abeuntes
363 2039 451 2098 ambo
465 2038 514 2097 blo
528 2048 694 2111 tum-senes,
711 2059 757 2100 me
772 2039 838 2098 tiliis

124 2118 307 2198 Relinquunt
320 2114 401 2197 quasi
416 2118 597 2195 magistrum.
640 2119 702 2180 Du.
713 2118 741 2180 O
753 2122 850 2180 Getal
874 2120 1052 2196 provinciam

123 2199 367 2278 Cepistiduram.
411 2199 465 2259 Ge.
480 2199 556 2258 Mihi
571 2217 642 2258 usus
658 2201 755 2271 veuit:
779 2203 836 2260 hoo
850 2203 920 2260 scio.

125 2280 246 2338 lllemini
261 2279 385 2358 relinqui
398 2299 456 2351 me,
472 2280 536 2338 Deo
551 2279 624 2337 irato
641 2299 716 2340 meo.

125 2360 210 2436 Coepi
224 2360 373 2419 advorsari
386 2358 491 2438 primo.
535 2359 613 2428 Quid
630 2361 726 2420 verbis
742 2380 818 2438 opus
828 2361 895 2420 esti

124 2439 193 2498 Seni
206 2437 303 2500 tidelis
317 2439 387 2498 dum
404 2459 480 2512 sum,
496 2439 630 2516 scapulas
645 2441 770 2518 perdidi.

125 2520 188 2580 Dr.
211 2520 325 2580 Vendre
339 2519 368 2578 in
383 2529 508 2578 mentem
525 2519 596 2579 mihi
612 2519 737 2592 isthaec:
760 2540 826 2580 uam
841 2541 909 2600 quac
924 2517 1037 2577 inscitia
1051 2529 1106 2588 est,

123 2599 288 2660 Advorsum
304 2600 453 2660 stimulum
464 2600 583 2660 calceri
624 2599 677 2660 Ge.
693 2603 777 2679 Coepi
791 2602 823 2660 iis
839 2602 936 2662 omnia

126 2679 244 2752 Facere,
259 2681 381 2758 obsequi
394 2700 461 2758 quae
475 2681 593 2742 vellent.
637 2683 701 2743 Do.
717 2683 803 2742 Scisti
818 2684 860 2742 nti
873 2682 948 2742 soro.

127 2761 180 2820 Ge.
194 2759 304 2822 Noster
319 2761 388 2819 mali
401 2761 471 2820 nibil
487 2761 648 2842 quidquam
664 2764 769 2842 primd.
811 2763 866 2824 Hic
881 2761 1015 2823 Phaedria
1089 2765 1128 2816 30

123 2841 272 2902 Continuo
286 2839 446 2918 quamdam
460 2835 568 2900 nactus
581 2853 626 2901 est
638 2844 796 2921 puellulam

124 2922 359 2981 Citharistriam:
379 2922 454 2980 bane
468 2941 565 2980 amare
576 2925 669 3000 coepit
684 2923 808 3002 perdite.

127 3003 169 3062 Ea
183 3002 326 3061 serviebat
340 3001 437 3060 lenoni
451 3000 664 3080 impurissimo:
714 3037 717 3044 ·

124 3083 231 3159 Neque
246 3081 327 3160 quod
340 3081 459 3140 daretur
472 3083 646 3159 quidquam,
661 3083 690 3142 id
705 3083 843 3144 castrant
857 3091 965 3161 patres.

127 3163 273 3222 Restabat
286 3161 364 3221 aliud
378 3162 458 3233 nibil,
474 3163 529 3220 nisi
543 3163 643 3222 oculos
659 3183 792 3243 pascere,

126 3245 252 3315 Sectari,
264 3244 293 3302 in
309 3243 409 3302 ludum
423 3242 542 3315 ducere,
558 3252 588 3302 et
601 3244 754 3304 reducere.
876 3253 879 3258 '
995 3299 999 3310 .

126 3323 191 3382 Nos
206 3324 289 3382 otiosi
306 3321 424 3402 operam
439 3322 583 3384 dabamus
598 3325 754 3386 Phaedriae.

1 3451 3 3456 ,
127 3405 160 3460 ln
177 3424 237 3482 quo
252 3405 318 3463 haec
330 3404 465 3464 discebat
479 3405 561 3475 ludo,
574 3405 767 3465 exadvorsum
783 3405 809 3463 ei
824 3405 892 3464 loco

125 3483 289 3544 Tonstrina
301 3493 362 3542 erat
377 3485 538 3564 quaedam.r
553 3487 602 3546 bic
617 3487 781 3546 solebamus
794 3485 853 3544 fere

127 3565 302 3642 Plerumque
316 3583 380 3622 eam
391 3565 528 3643 opperiri,
543 3567 614 3627 dum
629 3567 698 3626 iude
712 3569 766 3626 iret
780 3566 911 3626 domum.
1089 3572 1128 3628 to

126 3643 254 3715 Interea,
270 3647 340 3703 dum
355 3645 491 3704 sedemus
505 3648 574 3720 illic,
590 3648 747 3707 intervenit

126 3725 309 3786 Adolescens
321 3725 440 3802 quidam
454 3727 639 3788 lacrumans:
664 3748 714 3788 nos
727 3728 870 3787 mirarier:
