2402 4036
388 237 519 304 ACTUS
540 242 581 302 Vr
619 241 753 304 schA
775 243 826 302 lv.
1043 245 1099 305 1⁵³

383 607 387 614 .
496 550 628 614 SCENA
650 549 702 610 lv.

528 709 671 771 Druse.

100 865 297 1006 ΝυΜρῐὲΑΜ
321 867 359 928 ita
381 868 536 948 quisquam
560 867 634 940 bene
660 866 811 929 subducto
834 867 996 932 rcriocerd
1012 872 1101 934 ritem

239 947 292 1016 uit,

97 1025 182 1095 Quin
198 1045 253 1100 res,
269 1037 351 1097 seros,
366 1047 449 1099 crus,
466 1047 579 1106 semper
592 1027 703 1107 aliquid
717 1027 858 1107 adportet
872 1029 951 1102 novi,

104 1106 227 1184 Aliquid
245 1117 369 1177 moneor,
387 1120 418 1166 ut
433 1109 491 1179 ina,
506 1127 573 1186 queo
588 1117 617 1168 re
632 1111 707 1170 scire
721 1109 837 1179 credes,
852 1110 975 1183 nescias,

103 1187 140 1244 Er
155 1205 223 1262 qoae
237 1187 292 1244 sibi
306 1187 416 1263 puldris
432 1189 534 1264 prima,
549 1187 580 1245 in
593 1189 774 1268 experiundo
790 1191 945 1266 repudier3

105 1267 194 1332 Quod
209 1278 287 1326 nunc
303 1267 372 1326 milri
394 1267 511 1336 evenitr
532 1285 599 1326 nem
624 1282 678 1345 ego
702 1270 788 1328 vitam
812 1269 924 1342 durem,
939 1289 1028 1347 qoem
1045 1269 1101 1329 viri

225 1346 441 1424 usqueadhuc‚
1013 1391 1018 1402 .

104 1425 202 1502 Prope
217 1423 282 1501 jam
307 1443 429 1520 ereurso
455 1425 550 1506 spatio
579 1424 682 1486 mitto:
705 1425 734 1486 id
751 1427 965 1506 quemobremi
994 1448 1024 1489 re
1039 1429 1103 1508 ipri

225 1524 256 1564 re
303 1525 353 1576 err,

104 1524 356 1654 Facilitateiiiioir
371 1605 434 1646 esse
450 1585 560 1646 homini
575 1585 688 1658 melios,
705 1605 800 1664 neque
815 1587 980 1649 crementio.

103 1663 138 1724 ld
153 1683 340 1736 creovorum,
356 1686 392 1726 ex
407 1686 454 1726 me
465 1677 600 1746 etqueex
611 1665 697 1726 fratre
707 1667 798 1726 cuivis
811 1667 896 1726 facile
911 1667 949 1728 'st
959 1669 1090 1728 noscere.

103 1742 159 1802 iiie
171 1763 253 1804 soom
270 1765 385 1822 semper
398 1747 458 1824 egit
471 1748 561 1806 ritem
576 1747 604 1805 in
619 1747 690 1819 otio,
707 1747 734 1804 in
750 1747 908 1807 conviviis:

104 1825 251 1894 Clemens,
268 1825 415 1902 placidus,
427 1826 498 1884 nolli
512 1825 618 1886 loedere
633 1847 677 1900 os,
692 1827 817 1886 arridere
832 1827 988 1888 omnibus:
1045 1835 1104 1888 *10

104 1903 168 1962 Sibi
181 1905 270 1971 vixit:
292 1903 347 1962 sibi
361 1916 488 1964 sumrom
504 1905 594 1972 iecitr
617 1923 715 1964 omncs
732 1905 805 1966 bene
820 1907 933 1978 dicunt,
944 1916 1054 1966 emant.

104 1983 169 2060 Ego
184 1983 230 2042 ille
243 1985 375 2061 agrestis,
390 2003 495 2063 saevus,
511 1983 610 2056 tristis,
623 2003 740 2064 parcos,
756 1987 948 2060 truculentus,
964 1998 1061 2058 terror,

106 2063 186 2122 Dori
201 2081 339 2123 uxorem:
361 2083 449 2141 quem
464 2063 505 2122 ibi
520 2063 663 2123 miseriam
680 2065 758 2125 vidi!
781 2065 841 2122 neri
854 2065 923 2124 filii:

104 2143 173 2208 Alia
193 2161 273 2236 core.
316 2143 407 2204 Porro
428 2153 537 2216 eutem,
563 2143 620 2203 iilis
641 2143 712 2204 dum
734 2143 838 2204 studeo
862 2154 894 2204 ut
925 2143 1013 2222 quim
1038 2145 1104 2223 piu·

226 2241 332 2282 rrmum
715 2263 718 2270 ,
792 2257 797 2270 ·

104 2303 254 2384 Facerem,
269 2303 393 2362 contrivi
405 2303 434 2362 in
450 2301 608 2382 quaerendo
622 2301 711 2363 ritem
728 2312 816 2380 etque
831 2311 947 2365 estatem
961 2321 1064 2365 mmm.

106 2383 207 2454 Nunc,
223 2381 329 2442 execti
344 2393 442 2452 aetore,
459 2387 515 2442 hoc
529 2382 617 2440 fructi
631 2401 684 2460 pro
699 2383 798 2440 labore
813 2383 852 2440 ab
867 2385 910 2440 his
927 2381 999 2452 fero,

104 2461 226 2521 Odium.
267 2463 321 2521 llis
336 2463 411 2521 oirer
424 2462 485 2521 sine
501 2463 602 2522 labore
617 2462 713 2540 porris
730 2461 840 2538 potitur
851 2463 1028 2522 'commodet

104 2542 190 2599 liiorn
206 2553 317 2612 amant,
333 2561 379 2602 rne
394 2541 536 2618 fugitent:
558 2539 599 2600 illi
613 2543 737 2601 credunt
751 2541 872 2601 consilia
886 2541 1002 2610 omnio:

103 2621 188 2680 Ilium
205 2621 349 2702 diligunt:
370 2621 449 2699 opud
466 2623 546 2681 iilum
561 2633 628 2681 surrt
642 2621 751 2680 ambo:
776 2641 831 2698 ego
846 2622 979 2682 desertus
993 2641 1067 2682 soor.

35 2695 45 2720 ⁸
104 2701 204 2772 Ilium,
221 2712 254 2762 ut
274 2705 363 2772 vivat,
386 2712 507 2780 optant;
538 2721 630 2762 meam
654 2711 752 2761 eutem
777 2713 899 2762 mortem
920 2709 1104 2781 exspectent.

228 2782 345 2841 Scilicet
1066 2791 1107 2842 20

105 2863 151 2921 lte
165 2881 215 2920 eos
231 2865 296 2920 meo
311 2863 412 2934 labore
425 2860 549 2920 eductos
562 2879 710 2930 maxumo,
728 2861 775 2920 hic
791 2861 863 2918 fecit
877 2879 954 2930 suos,

107 2941 211 3000 Paullo
235 2952 354 3000 sumtu:
385 2941 530 3000 miseriam
559 2959 674 2998 omnem
697 2959 752 3016 ego
780 2943 884 3017 cepio:
921 2939 968 2998 hic
995 2937 1106 3017 potitur

248 3022 343 3080 audie.

106 3092 183 3178 Aee,
199 3041 265 3178 agge,
280 3121 356 3160 nunc
372 3099 557 3178 experiamur
570 3107 672 3158 contre
689 3099 764 3169 haec,
779 3097 850 3176 quid
866 3095 1065 3176 ego'possiecr

105 3181 219 3242 Blande
233 3183 340 3252 dicere,
356 3191 406 3240 eut
421 3179 545 3258 benigni
557 3178 668 3251 iacere,
685 3177 805 3256 quando
819 3177 854 3237 sd
870 3189 1022 3257 provocor.

105 3261 170 3334 Ego
185 3257 304 3338 quoquc
319 3282 335 3320 a
352 3261 425 3320 meis
441 3281 485 3318 mc
500 3259 592 3320 arceri
606 3267 635 3318 et
649 3259 745 3336 magni
760 3250 849 3336 pendi
863 3257 999 3334 postulo:

105 3342 137 3398 Si
151 3340 182 3399 id
199 3340 233 3399 fit
245 3341 346 3400 dando
361 3351 450 3418 arque
465 3339 669 3418 obsequendo}
686 3358 743 3398 non
759 3339 937 3418 posteriores
953 3337 1054 3396 ierem.

106 3422 230 3482 Deeriti
252 3421 281 3480 id
297 3421 360 3480 med
376 3419 493 3480 minime
509 3419 608 3492 refert,
622 3419 673 3497 qui
688 3439 750 3477 sum
768 3428 838 3478 notu
853 3435 1014 3477 rorxcmus.
