2404 4038
44 192 46 196 .
111 143 168 236 ror
342 169 865 237 naaurnurruoaunnuos

107 327 194 388 Hanc
208 345 319 466 cripere
333 347 461 390 uxorem.
505 328 560 390 ct.
582 327 719 390 Modone
728 349 795 408 qnae
809 329 929 388 inventa
944 327 1006 387 ’nt
1046 329 1098 405 Sy.

258 427 315 468 am.
832 455 861 466 ,.

110 487 151 548 Et
164 487 282 568 quidem
290 486 411 564 jubebit
421 488 513 564 posci.
556 488 610 548 ct.
633 488 832 558 Quamobrem
846 489 931 558 istuc,
945 487 1041 568 Syrel

108 569 187 631 Natu
202 586 335 646 prorsum
350 567 423 626 nihil
436 567 589 644 intelligo.
617 567 669 646 Sy.
690 569 765 630 Hui!
787 569 886 629 tardus
900 589 944 628 es.

111 648 163 708 Clu.
187 649 327 708 Fortasse.
370 648 422 725 Sy.
446 651 609 727 Argentum
623 649 740 708 dabitur
754 649 781 708 ei
795 649 831 708 ad
844 649 972 726 nuptias,
1187 639 1188 734 l

108 731 233 798 Aurum,
248 735 338 806 atque
352 738 474 798 vestem,
490 728 552 806 qul,
569 730 711 788 tenesncl
755 730 807 789 cu.
829 727 1013 806 Coruparetl
1064 736 1124 788 30.
1187 751 1188 754 ¹

108 807 162 886 Sy.
184 807 218 866 ld
233 807 340 884 ipsum.
385 809 437 869 ct.
453 812 494 868 at
507 827 563 884 ego
583 809 624 866 illi
640 828 735 885 neque
749 808 798 880 do,
813 829 907 886 neque
922 805 1104 884 despondeo.

109 887 163 966 Sy.
184 885 275 948 Noui
296 888 512 965 quamobreml
536 889 589 948 cu.
611 889 833 957 Quamobreml
854 909 900 948 me
923 887 1031 966 rogas?
1053 887 1105 946 lro-

231 966 321 1028 mini!
365 967 418 1044 Sy.
440 967 583 1027 Utlubct.

109 1047 180 1106 Non
193 1065 249 1124 ego
262 1046 409 1119 dicebam,
420 1048 449 1106 iu
464 1059 637 1126 perpetuum
652 1047 730 1106 illam
746 1047 787 1106 illi
803 1056 834 1107 ut
849 1049 946 1120 dares,

109 1125 219 1188 Verdm
234 1135 267 1185 ut
282 1126 441 1186 simulares.
485 1129 541 1189 ct.
564 1128 633 1186 Non
647 1147 711 1186 mea
725 1129 760 1186 ’st
776 1129 934 1188 simulatio.

82 1255 85 1264 .
111 1205 158 1266 lta
173 1214 205 1265 tu
219 1205 302 1266 istaec
316 1216 365 1266 tua
380 1207 513 1280 misceto,
529 1228 565 1268 ne
580 1227 625 1266 me
641 1209 812 1268 admisceas.

110 1286 202 1362 Egon’
216 1287 264 1345 oui
278 1286 399 1348 daturus
413 1307 472 1348 non
487 1288 552 1358 sim,
568 1297 601 1346 ut
614 1287 641 1347 ei
656 1287 879 1365 despondeant

111 1365 165 1442 Sy.
186 1366 362 1426 Credebam.
404 1369 458 1429 Cla.
481 1369 613 1428 Minime.
656 1367 709 1444 Sy.
732 1370 814 1430 Scite
828 1377 944 1446 poterat
955 1367 1026 1427 fieri.

110 1443 148 1505 Et
161 1465 216 1524 ego
230 1446 298 1519 hoo,
314 1448 381 1524 quia
396 1448 507 1508 dudum
523 1459 556 1508 tu
570 1456 724 1525 tantopere
733 1449 871 1524 jusseras,

110 1525 156 1584 Ed
172 1527 261 1604 coepi.
304 1528 356 1588 Clu.
373 1528 479 1586 Credo.
503 1529 555 1604 Sp.
572 1529 718 1586 Caeterum
730 1529 863 1604 equidem
873 1529 960 1600 istuc,
971 1529 1109 1596 Chreme,

112 1606 201 1682 AEqui
216 1607 343 1684 bonique
357 1607 444 1664 facio.
489 1608 543 1666 cu.
566 1607 659 1682 Atqui
674 1627 742 1664 curn
759 1611 892 1668 maxume
1070 1615 1110 1666 40

113 1685 191 1744 Volo
204 1693 234 1744 te
247 1685 318 1744 dare
331 1705 463 1762 operam,
477 1694 509 1744 ut
523 1687 584 1758 fiat,
600 1685 700 1744 verum
714 1687 772 1744 alia
788 1688 843 1746 vta.

114 1761 166 1840 Sy.
189 1765 270 1823 Fiat:
294 1773 444 1842 quaeratur
457 1765 556 1826 aliud:
579 1765 630 1824 sed
648 1765 729 1836 illud,
745 1768 825 1843 quod
841 1767 895 1826 tibi

113 1841 183 1900 Dixi
198 1843 236 1901 de
251 1853 384 1922 argento,
399 1846 479 1922 quod
495 1846 552 1906 ista
566 1845 655 1906 debet
670 1847 822 1918 Bacchidi,

113 1921 154 1979 ld.
164 1941 242 1980 nuno
255 1923 438 1984 reddendum
453 1927 490 1985 ¹'st
500 1927 542 1986 illi
555 1947 570 1998 ε,
586 1945 682 2004 neque
699 1937 731 1985 tu
745 1927 857 1987 seilicet

45 2067 51 2078 ι
112 2000 158 2060 Ed
172 2021 251 2062 nuno
267 2003 438 2082 confugies:
462 2006 534 2084 quid
551 2006 638 2066 nied?
659 2026 728 2066 num
744 2007 844 2067 datum
861 2005 932 2065 mihi
945 2006 1014 2066 estl

113 2081 193 2142 Num
204 2083 302 2160 jussil
322 2105 391 2144 num
405 2085 453 2144 illa
467 2087 662 2164 oppignerare
676 2086 765 2146 filiam

113 2160 223 2234 Meam,
238 2184 284 2224 me
300 2164 400 2234 invito,
414 2169 530 2242 potuitl
553 2187 651 2226 verum
662 2167 747 2240 illud,
761 2167 896 2238 Chreme,

115 2242 235 2314 Dicunt,
249 2245 302 2304 Jus
314 2265 458 2306 summanr
474 2265 552 2324 saepe
566 2266 678 2306 summa
693 2246 801 2306 malitia
814 2256 870 2308 est.

115 2321 169 2383 ct.
191 2325 278 2390 Haud
293 2324 408 2385 faciam.
451 2327 502 2405 Sy.
524 2329 628 2398 Immo,
644 2327 707 2387 aliis
720 2329 744 2386 si
758 2328 837 2399 licet,
854 2325 907 2386 tibi
921 2343 978 2384 non
994 2325 1076 2384 licet.

114 2403 225 2462 Omnes
239 2415 269 2464 te
283 2405 312 2462 in
324 2404 407 2466 lautd
421 2417 451 2466 et
466 2411 539 2467 bene
553 2409 640 2468 ancta
654 2417 737 2485 parte
752 2416 867 2484 putant.
1072 2411 1114 2464 50

115 2481 170 2542 Ch.
190 2483 268 2552 Quin
281 2495 396 2561 egomet
404 2486 467 2564 jam
482 2487 519 2545 ad
536 2507 599 2546 eam
614 2488 753 2547 deseram.
796 2487 849 2564 Sy.
870 2485 963 2544 Immo
977 2483 1070 2542 filiurn

115 2561 194 2634 June
214 2563 322 2640 potids.
366 2566 419 2624 Cle.
441 2567 665 2634 Quamobremt
708 2567 760 2642 Sy.
789 2567 867 2636 Quia
886 2565 963 2626 enim
985 2565 1115 2624 inhunc

238 2661 286 2700 sus
310 2643 366 2700 icio
380 2647 417 2702 'st

116 2715 272 2780 Translata
286 2661 408 2783 iimoris.
447 2724 501 2784 cl.
523 2723 604 2793 Quid
618 2727 706 2786 tamt
749 2727 801 2805 Sy.
824 2726 901 2796 Quia
915 2724 1063 2784 videbitur

118 2801 213 2880 Magis
228 2801 379 2862 verisimile
393 2803 422 2864 id
435 2823 508 2874 esse,
524 2825 614 2882 quum
630 2805 678 2864 hio
693 2807 734 2866 illi
747 2808 851 2868 dabit:

117 2880 209 2941 Simul
220 2892 250 2944 et
263 2881 416 2944 conficiam
431 2884 544 2944 sacilids
557 2905 622 2964 ego,
637 2889 717 2964 quod
733 2889 810 2947 volo.

119 2959 186 3037 lpse
197 2962 274 3024 oded
289 2965 393 3026 adest:
414 2966 481 3026 abi:
502 2965 574 3026 effer
586 2977 748 3045 argentum.
792 2968 846 3028 ca.
867 2966 976 3026 Effero.

510 3201 643 3262 SCENA
664 3204 717 3264 VI.

434 3357 625 3419 Curiano.
667 3360 796 3418 Sanus.

122 3503 167 3566 Cl.
188 3507 311 3568 Nunna
327 3519 372 3571 est
386 3520 446 3572 tarn
461 3513 554 3574 facilis
567 3534 624 3585 res,
639 3513 709 3591 quin
725 3513 850 3573 difficilis
864 3515 928 3588 siet,

120 3583 217 3652 Quam
231 3589 335 3652 invitus
348 3591 445 3654 facias.
486 3595 539 3653 Vel
554 3613 599 3656 nae
614 3595 676 3654 lraec
690 3594 899 3667 deambulatio,
