2402 4036
370 311 500 374 ncTUs
522 310 562 371 11.
604 309 737 372 SCENA
757 309 809 370 tv.
1026 315 1085 376 209

82 466 170 526 Tuus
183 472 228 526 est
241 464 396 526 damnatus
409 475 527 541 gnatus,
540 485 598 525 non
612 473 645 526 tu
659 487 668 534 r
690 485 759 526 nem
774 475 825 526 tua

81 547 268 606 Prreterieret
278 548 343 626 jem
357 546 395 605 nd
409 546 580 607 ducendum
594 555 674 607 etan.
717 547 777 608 De.
797 543 905 607 Omnia
919 544 982 606 hrec

82 627 173 686 iilum
187 634 300 704 putato,
316 647 383 705 quae
397 645 452 703 ego
466 645 545 687 nunc
559 626 635 700 dieo,
653 626 769 694 dicere:

82 707 280 784 Anrquidnm
295 727 363 766 eum
377 727 467 768 uxore
481 708 536 767 hec
550 707 648 786 ipsum
662 707 828 786 prohibebo
842 707 942 768 domo.

85 786 140 847 Ge.
164 789 259 846 Iratus
272 796 327 846 est.
370 787 476 847 Phor.
489 789 566 848 Tute
580 787 659 846 idem
670 787 773 848 meiius
787 786 902 850 feceris.

84 867 145 928 De.
161 867 243 926 Itane
257 888 288 926 es
302 877 420 943 paratus
433 867 529 928 facere
545 888 590 928 me
603 867 760 928 advorsum
773 869 881 942 omnia,
906 933 909 938 .
1045 874 1083 924 80

82 945 213 1006 Infelix!
258 948 358 1008 Pltnr.
375 948 483 1008 Metuit
497 947 544 1008 hie
560 968 624 1019 nos,
650 949 766 1008 temetsi
780 949 883 1009 seduld

84 1027 289 1165 Dissimulet.d
313 1028 365 1087 Gt.
380 1028 457 1087 Bene
472 1029 581 1088 habeut
595 1027 650 1088 tibi
672 1029 829 1108 principie.
872 1030 969 1090 Pltnr.
991 1025 1082 1096 Quin,

229 1128 268 1166 uo
303 1117 349 1166 est
563 1165 566 1176 ,

87 1128 259 1261 Ferendrdm,
275 1189 370 1247 ferae:
392 1188 450 1247 tuis
463 1187 584 1266 dignum
598 1186 686 1248 factis
701 1189 816 1264 seceris,

86 1268 127 1328 Ut
142 1267 318 1328 nminiinter
332 1271 497 1328 notuimus.
539 1268 599 1328 De.
614 1269 708 1344 Egon’
723 1279 801 1328 tunm
816 1280 952 1347 expetam

86 1347 276 1407 Amicitiami
296 1357 347 1408 aut
361 1357 391 1407 te
405 1349 510 1418 visum,
526 1356 579 1408 eut
593 1348 726 1408 anditum
741 1349 850 1409 velimi

87 1427 187 1487 Phor.
203 1429 232 1486 Si
247 1427 444 1488 concordabis
458 1449 526 1487 cum
540 1427 600 1498 itte,
616 1429 739 1488 iubebis
752 1449 819 1508 qune
833 1425 918 1490 tuem

84 1508 274 1568 ,Senectutem
289 1508 439 1578 oblectetr
460 1508 574 1586 respice
588 1517 706 1569 etatem
726 1519 817 1570 tuam.

88 1587 148 1647 De.
176 1587 220 1647 Te
241 1587 391 1657 oblectet;
427 1589 482 1648 tibi
502 1589 588 1649 habe.
645 1591 742 1651 Pdor.
775 1591 876 1651 Minue
905 1588 973 1648 verd
1002 1588 1084 1647 irem.

205 1669 265 1728 De.
284 1669 438 1747 Hocnge:
1027 1740 1030 1746 ¹

87 1745 164 1806 Satis
174 1747 239 1824 jam
254 1749 408 1808 verborum
423 1759 485 1810 est:
508 1749 564 1810 nisi
578 1759 611 1810 tu
626 1769 765 1829 properes
777 1751 927 1812 mulierem

87 1825 254 1900 Abdueere‚
269 1847 325 1904 ego
339 1829 418 1888 illam
432 1829 557 1904 ejiciam.
601 1832 680 1902 Dixi,
694 1831 843 1892 Phormio.
1044 1834 1094 1896 90.

88 1905 185 1966 Pltnr.
200 1907 230 1967 Si
244 1917 276 1967 tu
290 1908 369 1968 illam
382 1909 519 1987 adtigerit
534 1929 630 1983 secus,
647 1909 737 1986 qudm
751 1912 871 1990 dignum
880 1919 935 1981 est,
948 1907 1083 1978 liberam,

86 1985 194 2048 Dicam
207 1987 264 2047 tibi
277 1989 436 2068 impingam
450 1989 608 2068 grandem:
630 1989 701 2061 dixi,
713 1993 870 2070 Demipho.

87 2065 205 2150 Siquid
219 2088 295 2146 opus
310 2069 408 2142 fuerit,
425 2071 514 2130 heus!
537 2071 626 2128 domo
640 2091 697 2131 me.
742 2070 794 2130 Ge.
815 2069 970 2148 intelligo.

479 2281 610 2342 scuNA
634 2283 684 2341 tv.

115 2411 303 2470 Burrieno,
346 2411 461 2470 Gerr.
504 2411 636 2492 Ηκᾳιο.
679 2411 881 2471 Onnrmus.
923 2407 1050 2468 Cremo.

90 2565 148 2623 De.
172 2563 329 2630 QUANTA
344 2584 391 2622 me
405 2563 476 2622 curd
488 2573 516 2622 et
532 2562 831 2623 solticitudineafficit

89 2645 219 2717 Gnatus,
235 2645 286 2721 qui
299 2664 346 2702 me
360 2655 388 2704 et
403 2664 434 2704 se
446 2643 525 2704 hisce
537 2644 691 2724 impedivit
704 2645 832 2722 nuptiis!

88 2723 194 2802 Neque
207 2725 277 2792 mihi
291 2727 318 2782 in
333 2734 521 2802 conspectum
538 2724 656 2804 prodit;
679 2733 712 2783 ut
725 2725 827 2784 saltem
842 2723 942 2792 sciam,
957 2757 960 2768 ·
1006 2739 1007 2742 ’

90 2804 168 2871 Quid
184 2803 221 2862 de
236 2805 290 2863 hae
305 2824 335 2864 re
350 2804 444 2876 dicat,
459 2803 567 2882 quidve
581 2805 619 2862 sit
633 2805 795 2863 sementim.

89 2884 149 2943 Abi
162 2890 211 2953 tu;
234 2885 302 2956 vise,
318 2883 474 2943 redieritne
483 2883 559 2960 jem,
572 2903 609 2942 an
630 2883 771 2951 noudum,
786 2883 916 2942 domum.

92 2963 146 3023 Ge.
161 2965 215 3026 Eo.
259 2965 318 3026 De.
335 2964 456 3036 Videtis,
472 2983 532 3043 quo
546 2964 575 3020 in
591 2963 657 3022 loen
671 2983 716 3022 res
731 2965 793 3022 haee
807 2965 874 3022 siet.

89 3041 169 3111 Quid
185 3043 270 3121 egoi
290 3045 350 3116 dic,
366 3043 471 3122 Hegio.
515 3044 573 3102 He.
588 3043 650 3120 Ego
665 3043 818 3104 Cratinum
832 3061 948 3114 denseo,

88 3123 117 3182 Si
133 3123 186 3182 tibi
198 3123 322 3184 ridetur.
365 3124 424 3182 De.
442 3125 509 3196 Dic,
527 3123 656 3182 Cretine.
699 3124 766 3184 Cra.
783 3125 869 3182 Mene
884 3120 954 3180 visi

88 3201 148 3262 De.
169 3203 226 3263 Te.
240 3205 338 3340 ἩΟνα.
352 3204 427 3282 Ego,
441 3223 508 3282 quae
522 3203 628 3264 iurem
642 3215 722 3264 tuam
736 3203 805 3276 nint,
820 3221 855 3262 ee
870 3201 956 3261 velim
972 3196 1083 3257 sacius:

207 3303 279 3344 τω]

87 3361 140 3421 Sic
151 3362 211 3422 hoc
225 3362 341 3422 videtur
357 3382 365 3422 ι
385 3363 466 3442 quod
480 3373 511 3424 te
524 3365 644 3426 absente
659 3363 706 3424 hic
722 3362 799 3424 titius
1050 3361 1086 3414 ¹⁰

87 3440 168 3519 Egit,
182 3442 296 3502 restitui
309 3443 339 3502 in
353 3443 510 3521 integrum,
526 3464 642 3524 aequom
658 3456 712 3518 est,
728 3456 758 3505 et
772 3445 889 3513 bonum,

87 3523 130 3581 Et
143 3521 171 3580 id
185 3521 374 3600 impetrabis:
396 3523 468 3584 dixi.
508 3525 569 3586 De.
585 3526 642 3584 Die
656 3545 747 3598 nune,
760 3523 866 3604 Hegin.

46 3678 52 3683 .
86 3601 149 3662 He.
161 3601 225 3680 Ego
236 3602 339 3662 seduid
354 3603 433 3664 huuc
447 3601 554 3664 dirin'se
567 3606 674 3665 credo:
697 3605 921 3674 verumtaem,

88 3681 173 3750 Quot
183 3682 326 3760 homiues,
341 3691 386 3746 tot
399 3685 570 3757 sementim
592 3685 783 3768 sffuus‘cuique
796 3703 871 3754 moe.

359 4017 492 4027 -·-···-—·.——.-
