2404 4038
376 211 505 274 Actus
526 212 566 274 ii.
608 211 739 274 SCENA
760 211 784 270 1.
1043 223 1077 274 lt

84 369 146 447 By.
170 366 239 426 Ah!
263 374 373 444 quanto
396 367 485 460 catius
507 373 564 440 eet,
588 375 617 426 te
631 363 661 426 id
675 365 745 426 darc
764 382 892 443 opernm,
915 366 966 446 qni
991 367 1079 430 iatum

205 464 332 506 umorem
348 465 383 504 ex
398 465 493 506 animo
507 464 644 506 amoveas
658 455 720 516 tuo,

83 527 180 596 Quint
196 525 225 584 id
240 525 331 603 loqui,
347 526 407 603 qud
423 525 513 604 magis
527 525 629 586 lubido
643 525 750 586 trustra
765 523 938 586 incendatur
949 529 1017 588 tun!

86 609 138 668 cta.
160 605 259 666 Facite
285 623 395 680 omnes,
422 625 512 684 quum
539 605 680 677 valemus,
708 614 788 666 recta
815 605 937 666 conaitin
963 607 1080 686 negantia

84 767 130 826 Tu
144 685 403 836 aihidadidisatitcr
427 765 543 826 scutiae.
586 765 649 844 By.
672 767 747 844 Age,
762 783 827 842 age,
843 773 877 826 ut
889 765 982 828 lubet.
1026 769 1080 830 ct.

206 845 265 904 Sed
279 844 464 924 Pamphilum
1045 858 1082 908 10

83 924 191 987 Video.
232 922 340 984 Omnia
355 925 481 1003 experiri
493 933 606 985 certum
620 925 656 984 ’at
669 921 750 1003 pride
763 923 850 1002 qudm
865 943 962 1003 peren.
1016 927 1080 1006 By.

152 1063 154 1066 ,
206 1003 287 1072 Quid
304 1003 351 1061 hic
365 1003 447 1081 agiti

87 1086 138 1146 Ch.
172 1083 274 1161 Ipsum
298 1084 375 1142 huno
402 1082 513 1152 orabo;
545 1081 614 1144 huic
638 1083 831 1164 supplicab03
857 1103 984 1146 amorem
1013 1085 1080 1146 hnic

205 1161 330 1222 narrabo
343 1182 450 1223 meum.

85 1243 194 1314 Credo,
209 1242 386 1320 impetrabo,
402 1252 436 1302 ut
449 1240 560 1318 aliquot
574 1243 676 1302 saitem
691 1241 801 1320 nuptiis
817 1241 922 1318 prodat
936 1243 1008 1304 dies.

87 1325 202 1383 Interea
226 1321 278 1381 tiet
302 1321 425 1413 aliquid,
451 1339 547 1397 spero.
589 1323 652 1398 By.
673 1320 708 1380 ld
722 1321 833 1398 aliquid
847 1321 983 1384 nihiiect.
1028 1326 1081 1385 Ch.

87 1481 165 1552 Quid
192 1401 414 1573 tidiniiiidturt
434 1477 540 1538 adeon'
561 1478 600 1540 nd
623 1478 713 1538 cumi
734 1478 795 1556 By.
812 1477 942 1548 Quidnit
963 1481 988 1540 ai
1013 1483 1083 1542 nihii

85 1643 126 1702 Ut
137 1651 167 1702 te
181 1571 404 1700 aidiireeiiid'sibi
417 1646 550 1715 paratum
566 1636 721 1708 moechum,
737 1637 760 1696 ni
774 1637 852 1696 iilam
868 1635 996 1698 duxerit.
1029 1665 1032 1672 ¹

88 1723 140 1782 ct.
163 1720 251 1780 Abin'
265 1719 332 1778 hino
347 1717 377 1776 in
389 1719 492 1778 malum
507 1737 568 1778 rem
582 1736 650 1778 cum
665 1717 830 1794 suspicione
844 1717 949 1789 isthac,
965 1717 1071 1780 acclua.

86 1802 146 1860 Pn.
169 1796 541 1858 Citariunmvideo.salve.
585 1797 638 1857 ct.
655 1797 786 1868 Ocaive,
801 1797 963 1874 Pamphile.
1145 1867 1148 1874 Ι

86 1881 133 1940 Ad
150 1887 179 1939 te
193 1877 327 1949 advenio,
343 1896 436 1954 spem,
453 1877 585 1947 salutem,
598 1875 748 1948 auxilium,
770 1876 922 1936 concilium
935 1887 1082 1954 expetens.

87 1961 147 2020 Po.
162 1959 269 2036 Neque
279 1959 331 2036 pol
340 1957 451 2016 consilii
462 1958 560 2016 locum
574 1955 680 2027 habeo,
690 1973 786 2032 neque
796 1955 893 2016 auxilii
903 1957 1030 2032 copiam.
1045 1967 1084 2019 20

88 2041 145 2099 Sed
161 2040 237 2120 intuo
253 2037 397 2129 quidnam⁸
407 2037 463 2096 'sti
478 2037 530 2097 ct.
544 2035 639 2096 Hodie
654 2054 773 2096 uxorem
788 2035 895 2096 duciat
911 2037 970 2095 Pa.
983 2037 1084 2098 Aiunt.

88 2199 118 2257 Si
130 2197 159 2256 id
176 2117 369 2266 raditiddid
371 2116 555 2274 ¹iiiiiiremdna
568 2213 614 2256 mc
628 2191 721 2255 videa.
765 2194 998 2264 Pn.Qniditat
1031 2197 1083 2257 Clu.

88 2351 199 2416 Vereor
209 2275 417 2416 diileilelildnic
431 2355 489 2426 dic,
515 2373 626 2431 quaeao,
644 2351 777 2430 Byrrhia.
804 2353 881 2428 By.
896 2353 960 2429 Ego
973 2352 1083 2415 dicam.

211 2435 270 2494 Po.
291 2434 371 2504 Quid
387 2434 454 2492 esti

89 2518 152 2593 By.
175 2516 320 2593 Sponsam
347 2514 394 2572 hio
420 2522 498 2570 tuam
522 2519 609 2570 amat.
652 2511 712 2571 Pa.
733 2508 949 2570 Naeiatehaud
972 2531 1084 2573 mecum

209 2597 310 2654 sentit.
351 2591 487 2652 Ehodum
504 2591 552 2649 dio
566 2591 645 2661 mihi,

88 2676 168 2734 Num
185 2671 461 2765 quidnamtampiius
475 2671 529 2731 tibi
544 2689 612 2732 cum
625 2669 675 2730 itta
689 2669 755 2740 tuit,
778 2668 927 2734 Charinei
958 2671 1011 2730 ct.
1026 2673 1085 2744 Ab,

88 2834 181 2894 Nihil.
210 2752 404 2899 Pan-pugilum
420 2830 543 2889 vetlem!
566 2831 618 2889 Cla.
632 2827 718 2888 Nunc
740 2835 769 2887 te
791 2846 844 2906 per
867 2827 1035 2902 amicitiam,
1057 2839 1086 2890 ct

212 2911 556 2989 peramoremobsecro‚
662 2959 665 2966 .
835 2947 843 2956 -

89 2992 250 3070 Principio,
276 2999 310 3049 nt
331 3009 368 3050 ne
387 2989 491 3050 ducas.
535 2989 595 3048 Po.
610 2987 697 3046 Dabo
711 2984 847 3063 equidem
861 3005 991 3064 opernm.
1034 2989 1086 3048 ct.

212 3069 271 3131 Sed
286 3071 311 3130 si
325 3070 354 3128 id
368 3088 425 3127 non
440 3079 533 3144 potes,

90 3155 151 3212 Aut
166 3151 218 3211 tibi
234 3149 341 3240 nuptiae
357 3148 402 3208 he
414 3157 480 3208 snut
494 3145 587 3206 cordi.
630 3145 688 3204 Pa.
704 3143 815 3205 eordit
846 3145 899 3206 Cla.
914 3146 1021 3206 Saltem
1035 3149 1087 3208 ati-

90 3239 290 3380 Proteum
305 3227 478 3385 iii-eductam
492 3303 601 3383 aliqud,
617 3322 653 3364 nc
668 3303 791 3364 videam.
834 3305 895 3366 Po.
910 3305 988 3366 Audi
1009 3305 1105 3366 nunc‘

88 3471 165 3547 Ego,
176 3408 313 3538 (liiidie,
324 3465 490 3543 neutiquam
500 3462 626 3524 officium
637 3461 719 3522 liberi
730 3481 792 3522 esse
806 3463 928 3522 hominis
941 3473 1026 3540 puto,
1049 3471 1088 3525 30
1170 3513 1171 3523 ,

88 3550 167 3611 Cum
182 3548 207 3608 ie
221 3549 290 3608 nihii
302 3555 476 3626 promereat,
490 3543 638 3624 postutare
651 3542 680 3602 id
696 3543 794 3620 gratiae
807 3543 916 3621 adponi
933 3543 995 3614 sibi.
