2404 4038
105 204 143 260 ⁵2
224 187 230 200 ’
489 203 730 266 EUNUCHUS.'

105 351 229 431 Culpam
244 351 274 410 in
289 372 342 414 me.
375 354 429 414 Clr.
440 355 509 416 Non
526 357 642 420 faciam.
675 361 735 422 Pu.
749 359 900 432 iubesne?
923 360 981 422 cn·
992 361 1105 436 luben,

225 452 309 511 cogo,
325 441 414 510 atque
427 435 548 512 impero.

103 511 424 654 Nunquznpnrpelugiam
437 518 659 579 anctoritatem:
674 529 829 598 'sequere¹
854 522 913 581 Po·
928 520 1107 638 Diversum
1194 507 1195 526 ¹

392 824 522 890 Aenus
543 831 608 900 ΙΙΙ.
641 828 773 890 SCENA
795 825 831 889 Ι.

254 1039 257 1044 .
291 986 457 1046 Transeo.
498 988 672 1048 Gnaruo.
713 989 910 1080 Prasiana.

107 1146 161 1226 lle.
183 1148 342 1208 Maenas
358 1147 426 1208 verb
441 1166 527 1225 egere
542 1148 649 1226 gratias
662 1147 751 1208 'l'lrais
766 1147 861 1208 mihil
1194 1215 1195 1232 χ

106 1225 167 1286 Gn.
186 1227 342 1366 Ingenpleis.
397 1228 451 1288 ΤΙι.
466 1227 532 1287 Ain'
547 1229 602 1288 tul
623 1229 691 1288 laeta
701 1230 757 1288 'etl
801 1227 860 1287 Gn.
882 1227 949 1288 Nou
965 1237 1024 1288 tam
1041 1228 1108 1307 ipso

225 1327 344 1386 quiem

102 1385 203 1456 Dono,
218 1387 307 1465 quim
322 1387 376 1446 abs
391 1395 421 1446 te
434 1387 536 1448 datum
551 1407 631 1448 esset
653 1389 682 1448 id
698 1391 768 1450 verb
783 1386 859 1448 serio

96 1463 284 1546 Triumphat.
328 1469 389 1528 Pa.
403 1468 471 1526 Huc
486 1469 616 1543 proviso,
632 1478 674 1538 ut,
690 1471 739 1528 ubi
751 1481 867 1546 tempus
881 1467 945 1540 siet,

101 1546 279 1606 Deducam:
302 1546 353 1606 sed
368 1565 470 1606 eccum
486 1546 622 1605 militeml
667 1547 721 1607 Tlr.
738 1548 792 1608 Est
805 1548 879 1607 istuc
893 1548 995 1608 datum

100 1621 252 1694 Profecto,
268 1635 300 1684 ut
314 1635 396 1702 grata
410 1625 479 1682 mihi
493 1625 562 1696 sint,
579 1645 645 1704 quae
659 1626 749 1697 facio,
769 1629 879 1688 omnia.

104 1705 165 1764 Gn.
186 1705 310 1766 Advorti
325 1705 422 1764 hercle
435 1705 573 1765 animum.
617 1707 672 1766 Tlr.
696 1707 750 1767 Vel
759 1727 814 1766 rex
828 1725 940 1785 semper
954 1724 1108 1768 maxumas

100 1785 177 1843 Mihi
189 1785 304 1863 agebat,
326 1784 472 1862 quidquid
493 1785 641 1857 feceram3
664 1786 729 1848 aliis
744 1807 802 1846 non
817 1787 898 1848 item.

104 1865 163 1923 Gn.
185 1865 297 1924 Labore
311 1865 404 1924 alieno
418 1884 552 1942 magnam
571 1876 686 1943 partam
701 1867 821 1945 gloriam
941 1885 943 1890 ·

101 1943 210 2004 Verbis
225 1963 304 2024 saepe
318 1945 348 2004 in
362 1965 394 2006 se
407 1953 598 2018 transmovet,
615 1946 769 2024 qui'habet
780 1947 879 2018 salem,
1069 1957 1109 2008 10

103 2023 192 2094 Quod
208 2027 283 2166 iqup
303 2034 358 2086 est.
401 2026 456 2086 lle.
478 2027 587 2086 Habes.
631 2025 691 2088 Gn.
713 2028 778 2086 Rex
801 2036 831 2087 te
855 2045 927 2106 ergo
948 2025 978 2086 in
1000 2026 1108 2086 oculis.

274 2106 437 2168 .Scilicet.

105 2185 165 2246 Gn.
180 2185 306 2246 Gestire.
351 2186 406 2250 Tlr,
420 2184 518 2246 Verb:
541 2184 661 2246 credere
675 2205 790 2246 omnem
807 2187 980 2255 exercitum,

102 2267 243 2326 Consilia.
288 2267 349 2328 Gn.
363 2267 485 2327 Mirum.
529 2267 584 2328 Ήι.
607 2266 685 2326 Tum
701 2267 798 2326 sicubi
811 2287 877 2327 eum
893 2267 990 2326 satias·

28 2352 32 2358 ’
101 2347 274 2418 Hominum,
288 2357 339 2406 nul
353 2346 453 2425 negoti
469 2347 495 2407 si
509 2346 628 2426 qnando
642 2347 741 2406 odium
755 2356 884 2425 ceperat,

102 2427 298 2505 Requiescere
312 2428 361 2486 nbi
377 2428 514 2497 volebat;
536 2431 639 2506 quasi:
660 2428 791 2488 nostin'l
829 2429 887 2488 Gar
903 2426 990 2485 Scio:

102 2507 194 2574 Quasi
210 2485 352 2565 oblinam
366 2516 523 2585 exspueret
537 2507 676 2566 miseriam
691 2527 727 2566 ex
742 2508 850 2567 auimo.
894 2507 949 2566 rt.
964 2507 1075 2566 Tenes.

101 2585 177 2660 Tum
191 2606 236 2646 me
250 2587 513 2646 convivamsolum
528 2585 695 2646 abducebat
708 2586 773 2646 sibi.
818 2587 877 2648 Gn.
891 2587 968 2646 Huil

101 2665 390 2743 Regem-elegantem
405 2685 515 2726 narras.
561 2667 615 2726 lle.
635 2666 732 2726 Immo
746 2666 790 2726 sic
805 2668 893 2726 borno
908 2677 952 2726 est
968 2733 970 2738 ,
1022 2725 1025 2728 ,

102 2746 323 2826 Perpaucorum
339 2746 503 2807 hominumn
542 2745 603 2807 Gn.
625 2747 720 2805 lmmo
735 2748 881 2807 nullorum
895 2747 1048 2817 arbitror,·

102 2828 132 2896 Si
148 2838 244 2888 tecum
259 2827 341 2887 vivit.
385 2828 442 2888 Tu.
464 2824 596 2886 Invidere
611 2845 714 2886 omnes
728 2827 817 2892 mihir
974 2888 977 2892 ,
1067 2836 1109 2888 20

101 2907 240 2968 Mordere
253 2907 435 2968 clanculum:
456 2927 510 2984 ego
525 2925 585 2966 non
599 2905 685 2966 flocci
700 2906 839 2984 pendere.

100 2987 147 3046 Illi
161 2987 291 3047 invidere
306 2988 431 3049 miseret
453 2985 552 3046 verbm
570 3007 644 3046 unus
659 2997 758 3046 tamen
805 2991 807 2994 ’

101 3068 247 3144 Impense,
268 3068 432 3145 elephantis
447 3085 534 3145 quern
550 3067 661 3127 iudicis
674 3067 861 3145 praefecerat.

101 3147 132 3206 Is
147 3147 198 3206 ubi
213 3145 456 3223 molestus-magis
469 3156 522 3215 est,
544 3149 665 3216 Quaeso,
684 3149 817 3222 inquam,
832 3147 941 3214 Strato,

101 3223 185 3287 Edne
196 3241 230 3286 'es
244 3227 338 3296 ferox,
353 3227 422 3304 quia
437 3226 528 3286 babes
541 3225 696 3305 imperium
709 3225 739 3284 iu
755 3225 888 3284 belluas'l
906 3276 915 3284 .

104 3307 165 3368 Gn.
187 3306 314 3366 Pulchre
330 3305 475 3366 mehercle
489 3306 612 3378 dictum,
626 3315 656 3365 et
670 3306 827 3384 sapienter.
869 3305 960 3384 Papae
974 3305 997 3364 l·

101 3386 259 3467 Jugulum
275 3387 432 3446 hominem.
474 3385 552 3454 Quid
567 3385 640 3446 illel
684 3385 739 3445 ΊῚι.
761 3387 864 3444 Mutus
877 3385 956 3444 ilico.

105 3470 165 3530 Gn.
187 3465 300 3536 Quidni
315 3466 413 3528 essetl
456 3465 517 3526 Pu.
532 3466 581 3526 Dii
595 3475 725 3528 vostram
740 3465 853 3525 fidem!
876 3464 1023 3524 hominem
1039 3482 1107 3542 per·

223 3547 317 3606 ditum
