2404 4038
93 265 133 328 ιι
315 221 857 318 ‘ueuurourmoauuauos

97 407 188 479 Quod
202 417 234 470 ul
248 411 402 483 efficerem,
414 412 527 472 orando
538 411 663 471 surdas
650 431 712 488 Jam
727 429 810 470 aures
824 407 994 469 reddideras
1007 372 1094 468 milri.

98 490 421 560 Quidaliudtibivisl
455 493 525 554 ctu.
548 490 824 571 Siquidemhoctit.
855 491 907 568 89.
923 487 1095 569 Siquidem!

218 572 397 650 experiundo
412 573 496 632 scies.
1053 579 1096 642 90

100 649 172 712 Clit.
187 654 265 728 ·,age
280 671 344 730 age,
357 653 795 714 ceddistuctuumconsilium:
818 649 889 729 quid
904 649 934 710 id
950 650 1019 710 est‘l
1041 649 1095 728 89.

220 731 491 804 Adsimulabimus,

97 803 193 872 Tuam
214 811 336 871 amicam
362 814 450 890 hujus
471 833 543 873 esse.
589 812 660 874 ctu.
681 811 827 872 Pulchre:
850 765 926 870 cedh
950 810 1022 888 quid
1047 810 1097 868 hic

99 972 147 1030 Αιι
162 990 196 1031 ea
210 891 567 1050 {liiididhldeturhujuc
580 946 675 1032 siuna
686 973 750 1032 haec
762 972 902 1032 dedecori
912 971 1099 1050 estparuml

98 1051 150 1127 89.
172 1053 267 1110 Immo
280 1053 319 1112 ad
334 1064 412 1112 tuam
428 1063 546 1112 matrem
559 1053 733 1113 abducetur
777 1054 848 1114 crit.
870 1049 1022 1122 Quidedl
1043 1051 1097 1129 89.

221 1133 376 1212 Longum'
378 1142 415 1204 st,
431 1133 571 1209 Clitipho,

96 1209 131 1271 Si
145 1210 200 1270 tibi
213 1231 336 1272 narrem.
366 1179 566 1283 Qriamohrem
581 1213 610 1272 id
626 1211 742 1286 faciam,
757 1232 824 1273 vero
837 1231 925 1273 causa
940 1219 995 1308 est.
1027 1210 1099 1271 Clit.

100 1370 181 1430 Nihil
196 1293 397 1433 salisbhllhi
372 1374 467 1447 video,
482 1374 672 1453 quamohrem
686 1373 820 1453 accipere
832 1375 909 1433 huuc
926 1371 1009 1431 mihi
1007 1391 1100 1449 expe·

101 1529 154 1610 89.
175 1453 285 1593 Malleat
297 1466 505 1604 llilihatiud
522 1535 545 1592 si
566 1532 646 1592 istud
661 1533 784 1602 metuis
808 1533 886 1612 quod
901 1533 990 1592 ambo
1005 1531 1101 1592 confi

101 1614 384 1770 Sinepeiidldidsise
409 1693 480 1752 Clit.
494 1691 684 1769 Hujuemodi‚
697 1693 832 1766 obsecro,
846 1693 959 1772 aliquid
973 1693 1102 1772 repperi.

104 1851 159 1910 lbo
186 1770 451 1972 obp'ffimupffiucae
458 1853 555 1913 dicam
583 1862 618 1914 ut
644 1812 827 1914 revorthutur
854 1854 984 1913 domum.
1026 1853 1102 1913 Clit.

105 2011 185 2086 Quid
199 1933 370 2091 dlilimSJ
385 2013 544 2074 Ademtum
558 2014 612 2074 trbr
622 2011 806 2092 Jamfaro
773 2032 890 2074 omnem
903 2021 1024 2083 metum,
1045 2020 1108 2110 loq

103 2095 139 2156 ln
154 2115 255 2155 aurem
270 2095 407 2153 utramvis
418 2095 511 2154 otiose
527 2105 559 2153 ut
571 2095 708 2153 dormias.

96 2174 179 2238 crit.
200 2173 281 2244 Quid
303 2193 359 2251 ago
380 2165 479 2233 nuricl
522 2175 600 2234 Clio
618 2171 727 2233 Tuuel
748 2173 829 2252 quod
845 2173 914 2234 horu
927 2181 983 2234 est
1029 2173 1102 2233 Clit.

226 2255 308 2333 Syre,
323 2253 478 2312 dicmodd

59 2375 62 2384 ,
105 2339 224 2396 Verum.
259 2335 319 2413 ,89.
340 2337 404 2412 Age
427 2335 529 2407 modh,
553 2335 641 2395 hodie
656 2333 730 2404 sero
745 2353 781 2393 ac
795 2334 994 2413 nequidquam
1011 2333 1103 2394 voles.

107 2418 186 2478 otro.
207 2419 302 2476 Datur
316 2435 325 2474 r
347 2413 442 2474 fruare
454 2415 525 2474 dum
539 2415 618 2485 lieet,
633 2434 699 2474 nam
713 2414 839 2486 nescias,

104 2497 177 2570 Ejus
193 2496 231 2554 sit
247 2505 378 2572 potestas
391 2497 527 2572 posthac,
543 2515 580 2554 an
594 2513 745 2571 nunquam
762 2495 827 2556 tihi.

98 2577 179 2636 vetit.
200 2574 306 2652 Syres
299 2593 428 2650 mquam.
471 2575 524 2650 89.
545 2575 757 2650 Pergeporro;
779 2573 1051 2650 tamenistucago.

34 2665 35 2672 ’
107 2657 176 2717 crit.
199 2656 306 2712 Verum
331 2653 428 2712 hercle
453 2652 530 2712 istuc
555 2662 608 2714 est.
660 2655 745 2748 Syre,
769 2655 870 2732 Syre
862 2673 994 2768 mquam,
1018 2653 1104 2725 heus,

106 2816 169 2896 89.
167 2735 533 2891 thhdldiiirhiridvisl
554 2813 626 2875 Clit.
642 2812 726 2885 Redi,
739 2812 811 2874 redi.
834 2813 886 2892 89.
901 2813 1035 2874 Adsumz
1052 2812 1104 2872 dic

103 2982 169 3040 lam
184 2894 379 3058 hodlddohsdd
389 2993 443 3052 neg
427 2973 507 3034 rabis
521 2974 576 3035 tihi
589 2974 728 3052 placeret
750 2974 822 3036 cttc.
836 2977 942 3046 Immo,
958 2977 1041 3054 Syre,

100 3057 142 3118 Et
156 3075 213 3127 me
229 3066 258 3116 et
275 3075 369 3114 meum
384 3075 525 3128 amorem
540 3064 570 3118 et
583 3053 690 3115 famam
703 3056 840 3134 permitto
854 3054 919 3115 trbr
989 3111 994 3114 ,
1042 3065 1106 3116 tlt)

103 3138 154 3197 Tu
167 3156 199 3195 es
204 3101 321 3214 ’judexz
343 3155 379 3193 ne
393 3135 464 3213 quid
478 3135 697 3196 accusandus
677 3156 724 3205 ers,
738 3136 815 3196 vide.

105 3217 158 3294 89.
181 3203 360 3274 Ridiculum
363 3225 418 3285 est,
434 3224 463 3274 te
478 3215 556 3276 istuc
570 3235 615 3276 me
630 3178 798 3286 admohere,
814 3215 986 3306 Clitipho,

107 3294 201 3367 Quasi
215 3294 281 3352 istic
297 3296 391 3355 minor
405 3313 468 3353 mea
483 3313 528 3354 res
542 3306 654 3373 egetur,
669 3293 755 3373 quam
767 3304 828 3358 tua.

100 3373 203 3436 flio·
181 3393 203 3433 st
220 3373 290 3451 quid
306 3376 390 3433 nohis
404 3374 478 3433 forth
492 3374 607 3434 adversi
621 3375 760 3445 evenerit,

107 3455 180 3517 Tibi
196 3464 280 3514 eruut
293 3465 396 3532 parata
410 3454 511 3525 verba,
526 3455 594 3515 huic
605 3453 716 3516 homini
730 3455 867 3522 verbera.

107 3537 297 3629 Quapropter
311 3536 376 3596 haec
388 3554 433 3594 rea
448 3535 619 3613 neutiquam
633 3536 780 3614 neglectui
794 3544 841 3596 est
855 3532 936 3593 mihi.

106 3615 187 3677 Sed
179 3625 276 3677 ratunc
290 3635 390 3689 exora,
407 3625 439 3676 ut
449 3634 531 3676 suam
544 3635 608 3676 ease
617 3615 782 3679 adsimulet
816 3615 894 3684 Clio·
909 3611 1031 3678 Scilicet
