2402 4036
389 235 522 298 serus
542 233 568 297 1.
610 235 741 298 scens
763 234 804 297 rr.
1030 237 1085 302 res
1190 305 1191 322 q

86 395 138 454 Vel
153 393 201 453 hio
215 391 384 469 Pamphilus
392 392 513 470 jurabat
527 391 642 468 quoties
657 390 823 452 Bacchidi!

88 473 183 542 Quam
202 475 301 532 sancte
314 474 322 532 l
346 481 380 532 ut
394 472 489 550 quivis
504 471 590 530 facile
605 481 704 548 posset
719 472 850 547 credere,

88 555 256 630 Numquam
272 552 321 612 itta
335 551 401 610 vivit
416 551 574 610 ducturum
589 570 708 622 uxorem
723 551 855 612 domum.

87 635 179 693 Hem!
201 633 294 692 duxit.
339 632 393 708 Sy.
407 631 486 709 Ergo
500 640 657 708 propterea
672 639 702 689 te
716 631 818 690 seduld

86 714 123 773 Et
138 733 253 782 moneo,
268 722 299 772 et
313 713 471 780 hortonae
484 709 659 788 cujusquam
673 710 825 780 misereatr

88 793 167 862 Quin
182 795 301 870 spolies,
317 789 446 862 mutiles,
461 789 584 859 laceres,
601 809 777 868 quemquem
793 797 880 851 nacta
895 791 944 850 sis.

88 873 175 935 Phil.
197 870 277 930 Utin'
292 871 428 929 exi'mium
447 869 591 930 neminem
607 870 754 929 habeaml
796 869 849 946 Sy.
870 871 1043 942 Neminem

88 955 164 1017 Nam
178 970 266 1009 nemo
280 949 393 1008 illorum
407 949 574 1027 quisquam,
590 950 677 1020 scito,
693 949 731 1008 ad
745 958 775 1009 te
790 950 878 1024 veuit,
1048 960 1087 1012 10

88 1031 166 1101 Quin
181 1031 222 1090 ita
236 1038 320 1108 paret
333 1051 375 1102 se,
390 1031 443 1088 abs
457 1037 534 1096 tcut
548 1029 696 1088 blanditiis
710 1029 771 1090 suis

87 1111 183 1179 Quam
197 1111 316 1170 minimo
331 1109 426 1185 pretio
439 1127 523 1166 suam
538 1108 717 1184 voluptatem
732 1109 857 1186 expleat.

87 1192 207 1251 lliscine
222 1199 264 1262 tu,
279 1189 398 1261 amabo,
414 1207 473 1248 non
487 1199 591 1246 contra
604 1188 801 1248 insidiaberel

88 1271 174 1330 Phil.
194 1271 308 1330 Tamen
324 1270 374 1346 pol
389 1267 512 1326 eandem
528 1266 664 1342 injurium
678 1276 726 1326 est
737 1287 801 1328 eme
815 1268 962 1332 omnibus.

88 1350 141 1429 Sp.
162 1350 305 1426 lnjuriunr
320 1357 418 1408 autem
431 1355 477 1406 est
492 1346 597 1406 ulcisci
610 1347 804 1419 adversarios,

89 1435 148 1490 Aut
162 1429 221 1509 qult
235 1430 280 1488 vilt
294 1441 324 1488 te
338 1425 585 1504 captennacum
600 1424 680 1504 ipsos
694 1426 783 1502 capii

87 1511 170 1570 Elreu
185 1529 231 1572 nte
246 1510 398 1574 miseraml
421 1527 475 1566 cur
489 1525 546 1565 non
561 1515 613 1566 aut
626 1506 707 1564 istaec
720 1506 791 1568 mihi

88 1591 169 1652 lEtas
183 1598 213 1650 et
226 1588 321 1650 torma
335 1598 391 1666 est,
406 1595 457 1648 aut
470 1585 525 1646 tibi
540 1587 604 1648 haec
616 1587 783 1650 sententiat

486 1830 618 1890 SCENA
646 1828 686 1890 11.

300 1992 494 2050 Phnmnuo.
536 1990 724 2050 Puruorrs.
765 1994 873 2055 Srne.

88 2147 167 2205 Pur.
189 2145 311 2204 Senex
326 2143 349 2202 si
364 2153 477 2222 quaeret
491 2165 547 2216 me,
563 2144 651 2204 modd
664 2143 723 2204 lsse
737 2145 830 2206 dicito

85 2225 277 2300 adponam,
295 2235 498 2300 percontatum
513 2225 671 2294 adveutum
687 2226 844 2304 Pamphili.

87 2304 206 2374 Audin',
220 2304 291 2381 quid
306 2305 414 2374 dicam,
430 2305 544 2364 Scirtel
567 2305 591 2362 si
604 2313 716 2380 quaeret
730 2324 788 2376 me,
801 2305 844 2364 ull

85 2387 162 2444 'l'um
179 2385 280 2452 dioas;
302 2384 325 2442 si
341 2403 399 2442 nou
413 2393 536 2462 quaeret,
550 2383 647 2442 nullus
661 2383 786 2453 dinerisr

23 2534 32 2540 ἱ
86 2465 169 2523 Alias
185 2475 217 2524 ut
229 2465 271 2523 uti
286 2465 397 2541 possim
412 2463 501 2522 oaush
515 2464 571 2522 hac
586 2463 708 2538 iutegrd.

87 2545 147 2603 Sed
165 2544 279 2603 videon'
293 2563 347 2620 ego
361 2542 544 2602 Philotiuml
566 2543 643 2602 unde
658 2544 723 2602 haec
738 2541 876 2608 advenitl

86 2625 223 2692 Philotis,
240 2625 317 2684 salve
332 2622 465 2682 multum.
508 2622 595 2684 Phil.
615 2622 747 2696 Osalve,
764 2623 915 2686 Parmeno.

87 2705 142 2780 Sy.
164 2705 249 2764 Salve
263 2715 417 2773 mecastor,
432 2705 585 2764 Parmeno.
629 2705 709 2764 Pur.
730 2705 767 2764 Et
781 2714 812 2764 tu
826 2706 949 2784 aedepol,
964 2708 1046 2785 Syra.

86 2784 148 2842 Dic
164 2784 245 2854 mihi,
260 2783 392 2854 Philotis,
409 2783 461 2842 ubi
473 2793 503 2842 te
518 2782 674 2842 ohlectitsti
688 2793 745 2842 tam
761 2783 835 2844 diui

87 2863 180 2924 Phil.
201 2864 321 2922 Minium
335 2863 471 2941 equidem
487 2861 704 2932 meobleotavi,
720 2881 867 2938 quaecum
884 2865 973 2924 milite
1051 2873 1089 2926 lo

86 2943 264 3003 Corinthum
280 2943 349 3001 hino
364 2962 427 3002 sum
441 2941 573 3018 profecta
587 2939 850 3000 inhumanissimo:

84 3021 241 3082 Biennium
255 3023 295 3081 ihi
311 3031 484 3100 perpetuum
498 3021 602 3080 misera
616 3020 696 3077 illum
713 3019 777 3078 tuli.
972 3093 974 3102 Ι

87 3103 170 3163 Pur.
191 3103 315 3181 AEdepol
330 3114 357 3160 te
372 3099 546 3161 desiderium
561 3100 745 3158 Athenarum
758 3098 893 3174 arbitror,

85 3181 389 3260 Philotium,cepisse
404 3201 492 3259 saepe,
507 3189 580 3239 etto
596 3189 679 3238 tuum

87 3263 256 3322 Consilium
271 3261 472 3322 contemsisse.
513 3260 601 3320 Phil.
622 3259 691 3318 Non
705 3259 765 3318 dici
780 3268 887 3338 potest,

86 3342 188 3410 Quam
204 3343 316 3422 cupida
328 3361 407 3404 eram
423 3342 481 3400 huo
496 3338 645 3410 redeundi,
660 3339 787 3400 abeundi
800 3361 818 3400 a
831 3342 934 3414 milite,

85 3425 211 3502 Vosque
225 3423 274 3482 hic
290 3407 420 3495 videndi,
436 3421 556 3500 antiquit
571 3429 607 3479 ut
619 3419 832 3482 cousuetudine

84 3505 241 3580 Agitarem
255 3502 347 3562 libere
362 3500 701 3566 internoscouviriumc

83 3583 166 3644 Nam
180 3581 241 3644 illic
256 3583 334 3644 haud
349 3581 471 3656 licebat,
486 3581 542 3643 nisi
555 3577 713 3660 prefiniti,
726 3580 819 3684 1οῳιὶὴ

1142 118 1159 178 l
