2402 4036
121 229 182 286 228
519 217 727 280 PHORMIO.
841 235 847 245 ·

122 374 233 436 Adhuc
246 373 346 436 curavi
360 392 448 434 unum
465 374 523 434 boc
538 369 669 452 quidem,
684 383 716 434 ut
730 375 801 434 mibi
815 388 889 438 esset
901 376 985 440 fides.

126 454 209 516 Chre.
232 455 321 516 Estne
335 455 386 523 ita,
400 463 435 514 ut
446 453 517 526 diri,
533 455 661 515 liberalis
674 455 687 514 i
729 456 789 518 De.
805 456 936 536 oppido.

122 534 217 596 Phor.
228 535 333 614 itaque
346 534 381 593 ad
398 555 449 594 vos
464 536 549 594 renio
564 535 740 610 nuntiatum,
758 538 914 616 Demipho,

121 615 261 678 Paratum
276 635 323 676 me
338 634 424 676 esse:
453 615 504 676 ubi
519 615 614 689 voltis,
628 635 748 676 uxorem
762 616 851 686 date;

119 695 198 758 Nam
212 715 314 756 omnes
328 696 486 775 posthabui
501 696 569 754 mibi
582 716 639 766 res,
654 697 694 756 ita
709 697 752 756 uti
766 717 821 777 par
835 697 900 769 fuir,

121 776 295 856 Postquam,
310 785 462 855 tantopere
476 777 505 835 id
521 797 573 836 vos
587 778 670 849 veile,
684 777 957 840 animadvorteranr.

122 857 184 918 De.
198 860 242 918 At
252 857 301 918 hic
315 857 486 917 dehortatus
500 866 548 916 est
562 877 617 927 me,
633 877 670 917 ne
681 857 760 918 iiiam
770 860 823 919 tibi
837 859 955 930 darem
1034 897 1037 902 ·

123 937 201 998 Nam
215 938 266 1016 qui
280 938 333 998 erit
346 957 447 997 rumor
461 938 576 1016 popuii,
590 937 694 1016 inquit,
710 939 734 996 si
748 940 778 999 id
794 938 918 1001 fecerisi

120 1015 200 1078 Olim
214 1036 304 1096 quum
321 1018 442 1076 honeste
457 1017 564 1095 potuit,
580 1025 643 1076 tum
659 1037 716 1078 non
730 1027 775 1079 est
789 1020 875 1081 datar

121 1098 212 1158 Nunc
227 1095 343 1156 viduam
358 1098 484 1169 extrudi,
499 1109 587 1176 turpe
601 1102 655 1158 'stt
676 1098 767 1160 ferme
781 1101 885 1160 eadem
899 1102 1010 1173 omnia,
1083 1111 1123 1166 20
1180 1141 1181 1152 .

120 1177 517 1248 Quretotedudnmcoram
533 1179 787 1250 meincusaveras.
1019 1187 1021 1194 ⁴
1117 1197 1119 1202 ·

122 1258 220 1320 Phor.
234 1259 312 1320 Satis
324 1260 451 1338 superbe
464 1258 588 1318 illuditis
603 1279 659 1319 me.
702 1261 762 1321 De.
775 1260 860 1329 Qurr
892 1261 985 1323 Phor.
999 1263 1123 1344 Rogasi

122 1340 251 1409 Quiane
266 1338 386 1400 alteram
401 1339 520 1419 quidem
534 1338 611 1398 iiiam
627 1349 733 1418 potero
748 1340 868 1402 ducere:

121 1421 199 1480 Nam
216 1439 276 1498 quo
290 1419 394 1480 redibo
408 1441 458 1480 ore
471 1420 508 1478 ad
525 1439 600 1493 earn,
615 1440 703 1498 qrranr
718 1423 947 1483 contemserint

124 1500 209 1561 Chre.
223 1499 303 1558 Turn
318 1511 427 1574 autern,
444 1499 643 1577 Antiphonem
658 1501 742 1560 video
756 1502 794 1560 ab
810 1523 874 1568 sese
888 1505 1025 1563 amittere

120 1579 248 1640 Invitum
262 1599 348 1649 eam;
370 1581 469 1660 inque.
513 1581 573 1640 De.
585 1581 662 1640 Turn
678 1591 774 1640 autem
790 1583 876 1643 rideo
892 1583 983 1644 filium

120 1661 247 1720 Invitum
263 1663 331 1721 sane
345 1661 493 1721 mulierem
506 1661 544 1718 ab
559 1681 590 1720 se
602 1663 743 1721 amittere.

120 1742 178 1800 Sed
195 1740 282 1800 transi
297 1740 383 1799 sodes
399 1742 435 1799 ad
452 1741 560 1810 sorum,
574 1751 665 1818 atque
680 1741 750 1799 iilud
767 1743 837 1802 mihi

121 1824 281 1897 Argentum
296 1823 407 1879 rursum
418 1820 492 1896 jube
507 1821 637 1892 rescribi,
652 1821 802 1882 Phormio.

122 1901 220 1962 Phor.
236 1900 362 1969 Quodne
376 1921 431 1980 ego
445 1900 601 1980 perscripsi
613 1920 700 1980 porro
714 1901 781 1973 illis,
798 1901 906 1982 quibus
921 1903 1034 1963 debuit
1083 1914 1124 1966 30

122 1983 181 2043 De.
203 1981 282 2051 Quid
297 1981 385 2059 igitur
398 1981 472 2042 fieti
514 1982 611 2043 Phor.
633 1983 664 2042 Si
681 1982 726 2040 vis
737 1983 807 2042 mihi
824 2004 942 2046 uxorem
957 1984 1039 2057 dare,

122 2063 217 2130 Quam
229 2061 422 2140 despondisti,
436 2062 562 2121 ducam:
585 2063 626 2122 sin
641 2071 694 2132 est,
709 2073 741 2122 ut
755 2064 824 2122 velis
1181 2048 1182 2138 i

121 2143 242 2202 Manere
255 2143 336 2202 iiiam
349 2143 427 2219 apud
443 2153 482 2214 tc,
498 2143 554 2200 dos
563 2143 611 2202 hic
623 2153 752 2217 maneat,
768 2145 927 2225 Demipho.

120 2222 199 2282 Nam
214 2241 272 2282 non
285 2232 331 2282 est
343 2243 471 2301 aequom,
487 2243 533 2282 me
547 2231 667 2302 propter
681 2243 733 2282 vos
746 2225 856 2302 decipi,

122 2304 222 2373 Quum
236 2323 292 2383 ego
307 2304 398 2362 vostri
412 2303 531 2362 honoris
546 2304 634 2362 causi
649 2304 803 2382 repudium
818 2307 915 2366 alterae

121 2383 303 2456 Remiserim,
319 2403 386 2462 quae
400 2383 477 2442 dotis
490 2383 673 2442 tantumdem
686 2384 787 2452 dabat.

121 2463 182 2524 De.
197 2463 211 2522 l
225 2463 254 2523 in
269 2464 377 2524 melam
390 2483 449 2523 rem
462 2463 531 2522 hinc
546 2484 614 2522 cum
627 2463 702 2522 istac
717 2462 943 2540 magnificentih,

120 2543 270 2620 Fugitivo!
293 2544 381 2604 etiam
397 2563 475 2603 nunc
489 2544 596 2614 credis,
612 2555 640 2604 te
652 2544 821 2621 ignoranter,

119 2625 182 2682 Aut
195 2633 246 2682 tua
261 2622 339 2683 facta
354 2623 452 2683 adebi
473 2625 571 2684 Phor.
587 2624 697 2683 irritor.
729 2625 787 2685 De.
802 2626 881 2686 Tun'
895 2627 970 2684 hanc
985 2625 1119 2697 duceres,

120 2703 151 2763 Si
164 2703 218 2762 tibi
233 2701 412 2764 dataesseti
447 2703 546 2762 Phor.
563 2706 619 2762 Fac
632 2703 803 2780 perieulum.
829 2707 889 2766 De.
903 2707 946 2766 Ut
960 2705 1039 2764 tilius
1080 2714 1121 2764 40

120 2785 197 2845 Cum
211 2783 261 2844 int
277 2783 392 2844 habitet
405 2782 485 2862 apud
499 2794 528 2844 te
540 2805 548 2852 ;
571 2785 628 2842 hoc
644 2794 776 2844 vostrum
791 2787 945 2846 consitium
959 2785 1025 2846 suit.

121 2864 221 2924 Phor.
249 2865 370 3003 Qpaeso,
391 2865 464 2944 quid
486 2863 610 2928 narras?
652 2865 712 2927 De.
735 2865 861 2934 Quinto
885 2866 956 2926 mihi
969 2875 1121 2943 argentum

95 2989 98 2995 Α
239 2962 274 3004 ce
296 2945 325 3006 ὸ.

119 3025 216 3086 Phor.
232 3025 327 3085 Immb
342 3023 411 3084 verb
424 3043 545 3084 uxorem
559 3034 592 3084 tu
607 3026 693 3087 cedd.
736 3027 796 3086 De.
814 3025 847 3085 in
857 3026 909 3104 jus
923 3025 1052 3086 ambula.
1177 3029 1182 3036 “

119 3105 218 3166 Phor.
232 3103 265 3163 In
277 3106 346 3182 jusi
367 3105 515 3164 enimvero
527 3106 551 3164 si
565 3124 652 3180 porro
666 3127 730 3168 esse
744 3105 839 3166 odiosi
854 3107 984 3183 pergitis.

115 3185 178 3246 De.
193 3184 273 3254 Quid
289 3184 403 3245 faciest
444 3186 542 3245 Phor.
560 3187 679 3258 Egone?
700 3208 752 3248 ros
768 3207 816 3246 me
828 3187 974 3248 indotatis
987 3184 1079 3246 modo
1133 3209 1146 3258 .'

117 3264 300 3325 Patrocinari
313 3265 436 3326 fortasse
451 3266 649 3326 arbitramini:
1093 3317 1095 3322 .

33 3394 35 3398 .
116 3344 215 3406 Etiam
228 3345 337 3405 dotatis
352 3347 443 3405 soleo.
488 3345 573 3406 Chre.
589 3347 671 3414 Quid
687 3347 716 3406 id
733 3347 851 3408 nostrii
894 3347 993 3407 Phor.
1008 3346 1104 3406 Nihil.

119 3427 178 3486 Hic
188 3425 472 3576 qanmJijfflhmm’
488 3425 625 3504 cujus·vir
640 3447 840 3488 uxorem-
855 3427 938 3489 Chre.
954 3428 1046 3487 Hem!
1060 3425 1120 3487 Der
