2404 4038
363 267 493 350 Aeros
510 264 566 327 m.
608 265 737 326 senna
757 263 813 324 111.
1030 267 1086 324 rar

79 417 235 498 Profugiet
247 419 346 498 aliqud
361 421 529 482 militatum.
571 421 623 499 89.
638 421 666 480 O
682 419 811 479 Demea!

79 499 163 559 lotuo
177 510 225 560 est
239 520 354 578 sapere,
366 521 435 572 nou,
451 501 532 580 quod
548 512 614 561 ante
627 499 721 578 peden
734 498 824 559 modo
837 499 874 558 ’st

79 579 202 651 Videre,
216 581 269 640 aad
283 583 370 642 etiam
386 581 446 652 ilia,
462 601 529 659 quae
544 582 643 641 futura
656 591 734 651 sunt,

79 660 265 738 Prospicere.
305 663 365 723 De.
378 661 481 732 Quidt
502 661 588 722 intaee
604 661 668 738 jam
683 679 773 740 pauet
787 677 838 717 vos
853 654 977 735 psaltria
988 653 1045 712 ’stt

80 739 135 818 89.
156 741 250 800 Ellam
265 741 353 801 intus.
375 743 435 804 Dr.
448 741 525 817 Eho,
539 761 578 802 nn
590 741 672 802 domi
686 750 732 800 eat
746 739 922 800 habiturust
945 735 997 814 89.
1014 735 1084 796 Cre·
1193 759 1194 768 ¹

204 821 254 893 do,
269 831 365 882 otest

76 900 249 962 Dementia.
291 903 353 962 De.
368 901 509 963 Haeooine
523 901 607 963 fierit
651 899 704 981 89.
717 903 823 980 Inepta
835 899 939 959 lenitas
1022 905 1026 910 '

76 981 185 1053 Patris,
198 991 228 1040 et
242 981 369 1042 facilitas
383 1002 482 1062 prava.
524 985 584 1044 Dr.
600 983 705 1043 Fratris
721 1003 767 1042 me
781 980 903 1058 quidem

79 1059 191 1131 Pudet,
205 1062 357 1140 pigetque.
399 1061 453 1141 89.
468 1063 602 1124 Nimium
617 1063 693 1124 inter
708 1083 773 1132 voa,
788 1063 901 1120 Demea
914 1064 963 1133 (ao

79 1141 161 1212 Non,
176 1141 245 1218 qnia
259 1142 330 1202 ades
343 1162 483 1220 pratens,
498 1144 568 1202 dico
584 1145 665 1218 hoc),
679 1143 856 1222 pernimium
871 1141 1001 1202 interest.

77 1219 141 1292 Tu,
155 1233 283 1298 quantus
297 1235 435 1302 quantus,
452 1223 523 1282 nihii
537 1223 594 1282 nisi
608 1225 753 1301 rapientia
767 1241 817 1281 es:
1044 1227 1084 1278 40

76 1299 324 1372 lite,somnium:
353 1303 465 1362 sineres
480 1302 549 1362 vero
563 1312 597 1362 tu
611 1303 693 1362 iilum
707 1313 789 1362 tuum
1086 1320 1092 1330 ’

78 1381 190 1440 Fecere
206 1383 290 1442 haeci
332 1385 393 1444 Da.
408 1383 535 1442 Sinerem
545 1383 644 1441 illumi
660 1401 696 1441 an
712 1402 771 1441 non
788 1401 838 1440 sex
851 1379 918 1438 tutia
932 1380 1081 1440 mensibus

76 1460 165 1520 Prius
181 1461 358 1536 olfecissem,
374 1461 463 1541 quarn
479 1463 527 1523 ille
542 1461 705 1542 quidquam
721 1459 863 1533 ooeneriti

77 1541 133 1618 89.
149 1542 333 1620 Vigilantiam
349 1552 478 1614 tuomtu
491 1544 561 1603 mihi
577 1544 702 1602 narrati
751 1543 807 1602 De.
823 1541 873 1600 Sio
887 1539 942 1604 siet

77 1620 186 1692 Madd,
203 1631 235 1682 ut
249 1641 328 1682 nuno
342 1632 398 1696 eat,
412 1643 523 1703 quaeao.
567 1622 621 1702 89.
635 1624 676 1685 Ut
689 1623 816 1703 quisque
830 1640 914 1680 suurn
930 1619 991 1678 voit
1007 1639 1081 1690 esse,

201 1702 302 1762 ita'st.

76 1778 141 1840 De.
156 1781 236 1850 Quid
250 1783 340 1842 eunti
361 1783 489 1844 vidistin’
502 1783 615 1846 hodie?
657 1782 709 1862 89.
719 1784 856 1842 Tuumne
871 1781 963 1840 filium
979 1782 992 1841 t

77 1861 207 1939 Abigam
223 1863 303 1922 huno
318 1884 386 1925 rus:
402 1865 580 1940 jamdudum
591 1865 703 1944 aliquid
718 1864 777 1924 ruri
789 1882 874 1942 agere
889 1862 1026 1922 arbitror.

76 1940 140 2001 De.
155 1942 246 2081 Satgr'
256 1944 312 2001 scis
326 1944 367 2002 ibi
378 1948 465 2006 esset
489 1946 541 2023 89.
557 1945 626 2005 Ohi
644 1945 695 2024 qni
710 1955 826 2024 egomet
838 1943 977 2021 produxi.
1021 1943 1080 2003 De.

255 2025 394 2084 tumd'st.

77 2099 186 2174 Metui,
201 2043 376 2164 nephaereret
388 2104 446 2164 hio.
487 2104 539 2182 89.
556 2107 654 2184 Atque
667 2105 774 2164 iratum
788 2103 960 2162 admodum.

76 2180 139 2239 De.
155 2183 235 2249 Quid
246 2185 364 2244 antemi
386 2186 438 2264 89.
453 2185 582 2244 Adortus
592 2186 691 2262 jurgio
701 2185 817 2244 fratrem
829 2183 907 2260 apud
923 2182 1029 2252 sorum,
1042 2193 1081 2244 50

75 2261 127 2319 De
141 2263 261 2339 psaltrid
276 2263 362 2323 istac.
405 2267 464 2325 Dr.
480 2265 548 2324 Ain'
562 2266 655 2325 vendi
696 2265 748 2344 89.
763 2264 845 2324 Vaut
861 2264 934 2324 nihii
948 2264 1079 2324 reticuit.

74 2339 168 2415 Nam,
184 2353 216 2402 nt
231 2345 439 2404 numerabatur
452 2343 529 2404 sorte
543 2353 705 2422 argentum,
720 2345 871 2402 intervenit

76 2420 180 2480 Homo
195 2423 233 2482 de
248 2425 425 2500 improviso:
448 2424 539 2501 coepit
553 2427 689 2495 clamare,
702 2444 721 2482 o
735 2423 871 2483 AEsohine
885 2425 893 2483 i

75 2497 217 2562 Haecine
231 2503 341 2580 flagitia
355 2504 452 2564 facere
465 2507 513 2564 te!
537 2505 601 2564 haro
613 2512 642 2563 te
656 2504 810 2564 admittere

75 2581 201 2660 indigna
216 2604 321 2662 genere
336 2586 456 2645 nostro!
486 2585 558 2648 ‚Du
573 2582 644 2646 Oti
666 2585 796 2645 lacrumo
811 2583 929 2664 gaudio.

77 2661 133 2738 89.
149 2663 218 2722 Non
234 2674 266 2723 tu
281 2665 338 2724 hoo
353 2675 504 2744 argentum
520 2667 632 2744 perdis,
648 2666 699 2727 sed
716 2667 804 2725 vitam
820 2676 912 2727 tuam.

76 2744 137 2802 De.
154 2744 257 2804 Salvos
272 2746 438 2824 ait,spero:
454 2747 616 2806 estsimilis
633 2747 775 2824 majorum
793 2747 890 2807 eodm.
934 2746 986 2824 89.
1003 2746 1080 2806 Hui!

76 2823 137 2882 De.
150 2823 232 2902 Syre,
247 2837 463 2904 praeceptorum
478 2827 582 2904 plenus
595 2828 716 2886 istorum
733 2827 791 2885 ille.
835 2825 986 2905 89131191

73 2902 166 2960 1)οωί
177 2903 282 2964 habuit
297 2909 374 2966 unde
388 2908 528 2966 disceret.
570 2906 630 2966 De.
648 2907 693 2964 Fit
706 2905 819 2965 aeduid.
1067 2917 1072 2930 ·

76 2983 160 3055 Nihil
174 2987 368 3062 praetermitto
383 3007 391 3048 z
412 2984 622 3046 consuefacio:
646 2985 786 3062 denique,
814 2992 818 2996 ’
1040 2987 1079 3046 60

73 3064 238 3139 inspicere,
256 3077 395 3144 tanquam
409 3067 439 3126 in
453 3066 615 3143 speculum,
629 3063 658 3124 iu
674 3065 750 3123 vitas
765 3062 895 3123 omnium

74 3144 92 3200 J
97 3144 184 3216 ubeo,
197 3154 287 3224 atque
300 3167 337 3206 ex
352 3147 414 3206 aliis
423 3165 540 3206 tumere
554 3145 721 3223 exemplum
736 3144 804 3204 sibi.

73 3222 143 3282 Hoc
157 3223 256 3285 facito.
300 3227 351 3304 89.
366 3227 460 3288 Recte
475 3226 553 3285 tane.
596 3225 657 3285 De.
675 3226 742 3285 Hoc
756 3225 860 3304 fugito.
882 3225 935 3304 89.
951 3223 1075 3290 callide.

73 3303 135 3362 De.
147 3305 214 3364 Hoc
228 3307 310 3365 laudi
323 3317 379 3367 est.
422 3307 475 3385 89.
487 3307 577 3367 latmo
590 3325 638 3365 rea
650 3314 707 3366 eat.
741 3307 801 3367 Dr.
816 3307 883 3366 Hoo
897 3307 969 3366 vitio
979 3308 1074 3369 datur.

73 3382 129 3460 89.
145 3385 337 3448 Probisaime.
359 3389 418 3448 De.
434 3389 524 3448 Porro
537 3396 647 3446 atatem.
672 3385 724 3465 89.
736 3387 805 3446 Νοη
821 3387 919 3448 hercle
933 3389 1026 3448 otium
1039 3391 1075 3447 'st

45 3504 49 3512 ‚
70 3465 161 3524 Nune
176 3466 246 3525 mihi
259 3468 456 3530 auscultandi.
497 3467 597 3527 Pisces
610 3485 648 3526 ex
661 3465 807 3528 sententia

65 3543 187 3605 Nactus
202 3565 287 3608 anm:
310 3549 340 3608 hi
355 3548 425 3608 mihi
439 3568 475 3608 ne
487 3557 725 3626 corrumpantur,
742 3547 840 3608 cantio
856 3547 911 3621 ἐἰς

69 3624 150 3686 Nam
164 3625 194 3686 id
209 3629 298 3690 nobis
311 3638 372 3690 tam
386 3627 529 3709 flagitium
542 3631 591 3703 tt,
605 3625 695 3708 quim
706 3628 766 3701 iila,
776 3629 899 3702 Demea,
