2404 4038
109 257 150 314 Μ
214 273 217 277 ·
526 243 696 304 ANDRlA.

112 401 172 462 Po.
187 397 289 458 Falsus
302 415 362 536 aad
386 397 439 458 Ch.
455 397 559 457 Nonne
576 397 628 456 tibi
642 397 711 456 satis
730 415 793 456 esse
808 397 864 456 boc
879 395 972 456 virum
986 395 1110 456 subdam

231 486 274 537 est
288 497 342 553 gau
366 477 436 548 ium,

108 560 174 622 Nisi
189 579 236 620 mc
250 559 386 618 lactasses
401 565 554 627 amantem,
569 566 598 616 et
612 556 687 617 falsa
702 575 754 634 spe
769 555 968 634 produceres?

109 642 240 702 Habeas.
281 639 341 697 Pa.
357 638 511 698 Habeam!
533 637 590 696 ab!
612 637 716 707 nescis,
737 639 852 714 quantis
867 637 896 694 in
913 636 995 696 malis
1009 655 1109 696 verser

230 737 326 792 mrem,

109 805 303 876 Quantasque
318 799 365 860 bic
379 798 438 858 suis
453 797 580 858 consiliis
593 797 663 860 mibi
677 797 806 858 confecit
816 795 1036 868 sollicitudines,

109 885 196 943 Meus
211 879 361 940 caraufex.
406 879 459 939 Cb.
474 879 553 945 Quid
576 882 651 938 istuc
676 887 735 938 tam
761 878 863 937 mirum
885 887 941 949 est,
963 877 1001 936 de
1025 887 1055 937 te
1081 879 1107 937 si

227 961 393 1035 exemplum
409 958 514 1035 capiti
567 1009 573 1024 ,

110 1043 169 1102 Po.
186 1039 273 1098 Haud
289 1039 365 1098 istuc
379 1037 471 1108 dicas,
482 1039 504 1096 si
516 1037 651 1116 cognbris
661 1038 705 1096 vel
717 1058 774 1109 me,
785 1037 830 1096 vel
843 1055 969 1096 amorem
978 1057 1091 1100 meum.

111 1120 162 1180 Cb.
177 1121 267 1180 Scio:
290 1139 358 1178 cum
372 1127 457 1197 patre
468 1117 613 1178 altercasti
628 1117 761 1186 dudumr
782 1127 812 1176 ct
825 1118 849 1176 is
860 1136 937 1177 nuuc
948 1128 1106 1196 propterea
1189 1115 1190 1206 l

229 1199 282 1258 tibi
1189 1207 1190 1258 3

107 1279 286 1349 Suoceuset3
309 1297 363 1337 nec
378 1286 407 1338 te
422 1278 516 1358 quivit
531 1277 619 1337 bodie
632 1297 749 1354 eogere,
764 1277 840 1336 illam
856 1286 889 1337 ut
903 1275 1034 1338 duceres.
1065 1286 1105 1339 30

109 1362 170 1420 Pu.
187 1361 280 1418 lmrno
293 1358 390 1430 etiam,
406 1359 466 1436 qud
481 1369 513 1417 tu
529 1359 623 1418 minus
637 1359 694 1416 scis
710 1377 851 1418 aerumnas
867 1377 962 1420 meas:
1189 1357 1190 1388 l

107 1440 161 1500 Hae
177 1440 287 1516 nuptiae
301 1458 359 1498 non
374 1439 591 1517 adparabantur
606 1439 694 1508 milri;

106 1520 172 1579 Nec
186 1519 357 1597 postulabat
370 1538 449 1576 nutrc
464 1521 618 1595 qaisquam
635 1537 753 1576 uxorem
769 1516 847 1578 dare.
931 1519 933 1524 '

110 1601 162 1660 ct.
177 1601 262 1658 Scio:
285 1608 316 1656 tu
331 1607 453 1656 coactus
470 1598 521 1656 tud
536 1598 686 1655 voluntate
700 1617 741 1656 es.
789 1599 844 1658 Po.
861 1599 963 1658 Mane.

106 1678 247 1738 Nondum
264 1678 334 1737 scis.
380 1675 431 1736 ctu.
447 1677 513 1736 Scio
528 1678 663 1754 equidem
679 1677 758 1737 illam
772 1678 930 1738 ducturum
945 1697 1008 1737 esse
1023 1687 1063 1738 te.

108 1759 168 1818 Pa.
183 1759 304 1818 Carme
320 1757 448 1815 enecasl
470 1758 526 1814 boc
541 1757 627 1816 audi:
649 1776 800 1835 nunquam
815 1759 928 1818 destitit

107 1839 228 1906 Instare,
244 1845 276 1896 ut
290 1835 430 1904 dicerem,
446 1857 492 1895 me
508 1856 571 1896 esse
586 1836 755 1910 ducturum,
771 1838 865 1916 patri;

107 1917 247 1987 Suadere,
261 1935 352 1986 orare,
368 1935 461 1993 usque
476 1917 549 1976 adeo
563 1917 657 1976 donec
673 1920 812 1995 perpulit.

110 1997 162 2056 ca.
180 1997 254 2064 Quis
269 1997 357 2054 homo
371 1997 465 2056 istucl
488 1999 549 2058 Pa.
566 1999 674 2056 Datos.
715 1999 767 2058 ct.
784 1999 903 2058 Davus!
928 1999 988 2057 Pu.
1003 1997 1104 2055 Dauos

228 2095 333 2135 omnia.

109 2155 163 2216 Cb.
178 2157 398 2224 Quamobrem?
433 2158 493 2216 Pu.
507 2157 636 2216 Nescio:
660 2156 715 2214 nisi
731 2157 800 2216 milri
816 2159 896 2217 Deos
912 2159 981 2218 satis
1065 2166 1104 2218 40

107 2238 175 2296 Scio
189 2236 279 2296 fuisse
292 2237 391 2306 iratos,
407 2237 457 2312 qui
473 2237 707 2296 auscultaverint.
1189 2295 1190 2312 χ

109 2317 160 2378 Cb.
178 2317 299 2410 Factum
321 2315 379 2454 lupo
399 2327 455 2438 pst,
472 2317 577 2375 Darei
600 2317 662 2376 Du.
678 2318 809 2378 Factum.
840 2318 891 2378 Cb.
907 2320 1002 2379 Hem!
1029 2319 1101 2396 quid
1189 2337 1190 2378 1

227 2415 281 2466 ars,
297 2416 409 2456 sceus.
465 2465 469 2472 ι
658 2457 661 2462 Α

105 2479 146 2535 At
159 2475 212 2536 tibi
225 2476 266 2534 Di
281 2475 400 2553 dignam
415 2475 501 2537 factis
516 2477 632 2536 exitium
648 2477 742 2536 duint.

105 2555 180 2626 Eho,
195 2553 244 2614 dic
259 2554 340 2626 mihi,
356 2557 380 2614 si
394 2575 494 2616 omnes
505 2557 583 2616 lruuc
599 2557 767 2630 conjectum
782 2557 810 2616 ia
825 2559 943 2638 nuptias

105 2635 222 2694 inimici
236 2633 352 2706 vellent,
364 2636 455 2713 quod,
469 2636 523 2694 nisi
539 2637 607 2704 hoc,
622 2637 775 2695 consilium
790 2639 916 2698 darent?

106 2717 170 2776 Da.
186 2715 336 2792 Deceptus
351 2733 424 2784 sum,
440 2725 470 2774 at
485 2736 544 2774 non
559 2714 747 2790 defatigatus.
791 2717 843 2778 Ca.
858 2720 936 2780 Scio.

99 2795 171 2855 'Dm
186 2793 250 2854 Hac
266 2814 325 2854 non
340 2795 497 2864 successit;
523 2795 578 2855 otia
593 2795 796 2872 adgrediemur
809 2799 873 2867 via;

105 2875 173 2936 Nisi
188 2876 217 2934 id
231 2884 330 2954 putas,
343 2875 411 2954 quia
425 2877 521 2953 primo
535 2876 678 2955 processit
693 2897 804 2956 parum,

104 2955 174 3014 Non
189 2975 277 3034 posse
287 2956 351 3032 jam
366 2955 403 3014 ad
419 2955 542 3015 salutem
555 2957 687 3015 converti
702 2959 759 3016 boc
773 2955 893 3017 malum.

107 3035 167 3094 Pa.
183 3037 276 3094 lmmo
291 3037 399 3104 etiam;
421 3055 488 3094 nam
504 3038 573 3095 satis
588 3038 687 3107 credo,
703 3039 728 3101 si
743 3036 953 3116 advigilaveris,
1064 3050 1102 3102 50

105 3115 152 3173 Ex
168 3116 232 3174 nnis
242 3115 378 3193 geminas
393 3117 463 3174 milri
477 3117 617 3175 conficies
631 3117 759 3194 nuptias.

106 3195 171 3254 Da.
184 3195 258 3272 Ego,
273 3195 437 3272 Pamphile,
452 3195 508 3254 hoc
523 3197 577 3255 tibi
591 3216 644 3272 pro
656 3198 773 3256 servitio
787 3196 893 3268 debeo,

105 3273 215 3334 Conari
229 3275 372 3346 manibus,
385 3274 521 3352 pedibus,
538 3286 695 3352 noctesque
708 3287 739 3336 et
752 3275 826 3350 dies,

106 3354 220 3434 Capitis
233 3355 374 3432 periclum
389 3355 479 3426 adire,
494 3355 564 3414 dum
579 3359 687 3432 prosim
703 3356 767 3416 tibi.
790 3385 792 3389 ·

102 3435 203 3495 Tuum
218 3433 265 3506 ἐι,
278 3435 300 3493 si
315 3435 384 3511 quid
400 3446 506 3512 praeter
519 3455 600 3512 spem
614 3437 720 3506 evenit,
735 3436 804 3496 mihi
819 3438 977 3518 ignoscere.

105 3515 212 3574 Parum
227 3515 361 3574 succedit
376 3514 446 3593 quid
462 3534 534 3592 ugo;
556 3524 588 3574 at
601 3513 677 3573 facio
692 3515 808 3577 seduld.

106 3595 162 3654 vet
176 3595 277 3656 melius
291 3604 353 3656 tute
367 3595 480 3673 reperi:
502 3613 547 3654 me
561 3594 679 3655 missum
692 3594 768 3658 face.
