<?xml version="1.0" encoding="UTF-8"?>
<!DOCTYPE html PUBLIC "-//W3C//DTD XHTML 1.0 Transitional//EN"
    "http://www.w3.org/TR/xhtml1/DTD/xhtml1-transitional.dtd">
<html xmlns="http://www.w3.org/1999/xhtml" xml:lang="en" lang="en">
 <head>
  <title>
</title>
<meta http-equiv="Content-Type" content="text/html;charset=utf-8" />
  <meta name='ocr-system' content='tesseract 3.04.00' />
  <meta name='ocr-capabilities' content='ocr_page ocr_carea ocr_par ocr_line ocrx_word'/>
</head>
<body>
  <div class='ocr_page' id='page_1' title='image "./publiiterentiia05teregoog/publiiterentiia05teregoog_0140.png"; bbox 0 0 2404 4038; ppageno 0'>
   <div class='ocr_carea' id='block_1_1' title="bbox 459 845 719 932">
    <p class='ocr_par' dir='ltr' id='par_1_1' title="bbox 459 845 719 932">
     <span class='ocr_line' id='line_1_1' title="bbox 459 845 719 932; baseline 0.008 -4"><span class='ocrx_word' id='word_1_1' title='bbox 459 845 719 932; x_wconf 84' lang='lat' dir='ltr'>TERENTII</span> 
     </span>
    </p>
   </div>
   <div class='ocr_carea' id='block_1_2' title="bbox 389 1152 792 1242">
    <p class='ocr_par' dir='ltr' id='par_1_2' title="bbox 389 1152 792 1242">
     <span class='ocr_line' id='line_1_2' title="bbox 389 1152 792 1242; baseline 0 -2"><span class='ocrx_word' id='word_1_2' title='bbox 389 1152 792 1242; x_wconf 86' lang='lat' dir='ltr'><strong>ADELPHI.</strong></span> 
     </span>
    </p>
   </div>
   <div class='ocr_carea' id='block_1_3' title="bbox 474 1477 708 1540">
    <p class='ocr_par' dir='ltr' id='par_1_3' title="bbox 474 1477 708 1540">
     <span class='ocr_line' id='line_1_3' title="bbox 474 1477 708 1540; baseline 0.009 -2"><span class='ocrx_word' id='word_1_3' title='bbox 474 1477 708 1540; x_wconf 84' lang='lat' dir='ltr'>PROLOGUS.</span> 
     </span>
    </p>
   </div>
   <div class='ocr_carea' id='block_1_4' title="bbox 66 1632 1094 3656">
    <p class='ocr_par' dir='ltr' id='par_1_4' title="bbox 91 1632 816 1739">
     <span class='ocr_line' id='line_1_4' title="bbox 91 1632 816 1739; baseline 0.001 -20"><span class='ocrx_word' id='word_1_4' title='bbox 91 1632 133 1719; x_wconf 84' lang='grc' dir='ltr'><strong>Ρ</strong></span> <span class='ocrx_word' id='word_1_5' title='bbox 135 1675 309 1731; x_wconf 73' lang='lat' dir='ltr'><strong>osTQUAM</strong></span> <span class='ocrx_word' id='word_1_6' title='bbox 323 1659 416 1722; x_wconf 75' lang='lat' dir='ltr'><strong>Poeta</strong></span> <span class='ocrx_word' id='word_1_7' title='bbox 430 1660 532 1730; x_wconf 83' lang='lat' dir='ltr'><strong>sensit,</strong></span> <span class='ocrx_word' id='word_1_8' title='bbox 547 1661 719 1739; x_wconf 68' lang='lat' dir='ltr'><strong>scripturum</strong></span> <span class='ocrx_word' id='word_1_9' title='bbox 734 1677 816 1720; x_wconf 82' lang='lat' dir='ltr'><strong>suem</strong></span> 
     </span>
    </p>

    <p class='ocr_par' dir='ltr' id='par_1_5' title="bbox 90 1741 669 1821">
     <span class='ocr_line' id='line_1_5' title="bbox 90 1741 669 1821; baseline -0.009 -17"><span class='ocrx_word' id='word_1_10' title='bbox 90 1743 140 1806; x_wconf 77' lang='lat' dir='ltr'><strong>Ab</strong></span> <span class='ocrx_word' id='word_1_11' title='bbox 153 1742 259 1821; x_wconf 80' lang='lat' dir='ltr'><strong>iniquis</strong></span> <span class='ocrx_word' id='word_1_12' title='bbox 273 1742 433 1812; x_wconf 76' lang='lat' dir='ltr'><strong>observari,</strong></span> <span class='ocrx_word' id='word_1_13' title='bbox 446 1752 476 1802; x_wconf 88' lang='lat' dir='ltr'><strong>et</strong></span> <span class='ocrx_word' id='word_1_14' title='bbox 486 1741 524 1800; x_wconf 85' lang='lat' dir='ltr'><strong>ed</strong></span> <span class='ocrx_word' id='word_1_15' title='bbox 529 1743 669 1800; x_wconf 68' lang='lat' dir='ltr'><strong>versutos</strong></span> 
     </span>
    </p>

    <p class='ocr_par' dir='ltr' id='par_1_6' title="bbox 91 1820 870 1900">
     <span class='ocr_line' id='line_1_6' title="bbox 91 1820 870 1900; baseline 0 -18"><span class='ocrx_word' id='word_1_16' title='bbox 91 1824 207 1900; x_wconf 81' lang='lat' dir='ltr'>Rapere</span> <span class='ocrx_word' id='word_1_17' title='bbox 222 1822 250 1880; x_wconf 87' lang='lat' dir='ltr'><strong>in</strong></span> <span class='ocrx_word' id='word_1_18' title='bbox 266 1822 394 1900; x_wconf 86' lang='lat' dir='ltr'><strong>pejorem</strong></span> <span class='ocrx_word' id='word_1_19' title='bbox 409 1829 534 1898; x_wconf 80' lang='lat' dir='ltr'><strong>partem,</strong></span> <span class='ocrx_word' id='word_1_20' title='bbox 549 1841 638 1899; x_wconf 83' lang='lat' dir='ltr'><strong>quem</strong></span> <span class='ocrx_word' id='word_1_21' title='bbox 652 1820 747 1880; x_wconf 83' lang='lat' dir='ltr'><strong>acturi</strong></span> <span class='ocrx_word' id='word_1_22' title='bbox 761 1837 870 1894; x_wconf 84' lang='lat' dir='ltr'><strong>sumus,</strong></span> 
     </span>
    </p>

    <p class='ocr_par' dir='ltr' id='par_1_7' title="bbox 66 1894 776 1982">
     <span class='ocr_line' id='line_1_7' title="bbox 66 1894 776 1982; baseline -0.003 -20"><span class='ocrx_word' id='word_1_23' title='bbox 66 1894 71 1912; x_wconf 63' lang='lat'>³</span> <span class='ocrx_word' id='word_1_24' title='bbox 89 1901 205 1962; x_wconf 84' lang='lat' dir='ltr'><strong>Iudicio</strong></span> <span class='ocrx_word' id='word_1_25' title='bbox 219 1903 257 1960; x_wconf 88' lang='lat' dir='ltr'><strong>de</strong></span> <span class='ocrx_word' id='word_1_26' title='bbox 272 1921 302 1960; x_wconf 86' lang='lat' dir='ltr'><strong>ee</strong></span> <span class='ocrx_word' id='word_1_27' title='bbox 316 1902 381 1982; x_wconf 91' lang='lat' dir='ltr'><strong>ipse</strong></span> <span class='ocrx_word' id='word_1_28' title='bbox 395 1901 447 1960; x_wconf 81' lang='lat' dir='ltr'><strong>etit</strong></span> <span class='ocrx_word' id='word_1_29' title='bbox 459 1921 468 1970; x_wconf 72' lang='grc' dir='ltr'>ς</span> <span class='ocrx_word' id='word_1_30' title='bbox 489 1919 541 1960; x_wconf 81' lang='lat' dir='ltr'><strong>vos</strong></span> <span class='ocrx_word' id='word_1_31' title='bbox 557 1901 636 1961; x_wconf 84' lang='lat' dir='ltr'><strong>eritis</strong></span> <span class='ocrx_word' id='word_1_32' title='bbox 647 1899 776 1977; x_wconf 83' lang='lat' dir='ltr'><strong>judices,</strong></span> 
     </span>
    </p>

    <p class='ocr_par' dir='ltr' id='par_1_8' title="bbox 91 1979 891 2140">
     <span class='ocr_line' id='line_1_8' title="bbox 92 1979 819 2060; baseline -0.003 -18"><span class='ocrx_word' id='word_1_33' title='bbox 92 1981 213 2042; x_wconf 68' lang='lat' dir='ltr'><strong>leudin&#39;</strong></span> <span class='ocrx_word' id='word_1_34' title='bbox 228 1998 266 2040; x_wconf 79' lang='lat' dir='ltr'><strong>sn</strong></span> <span class='ocrx_word' id='word_1_35' title='bbox 281 1981 352 2040; x_wconf 86' lang='lat' dir='ltr'><strong>vitio</strong></span> <span class='ocrx_word' id='word_1_36' title='bbox 366 1981 436 2040; x_wconf 85' lang='lat' dir='ltr'><strong>duci</strong></span> <span class='ocrx_word' id='word_1_37' title='bbox 450 1979 480 2038; x_wconf 89' lang='lat' dir='ltr'><strong>ld</strong></span> <span class='ocrx_word' id='word_1_38' title='bbox 494 1980 608 2040; x_wconf 81' lang='lat' dir='ltr'><strong>sectum</strong></span> <span class='ocrx_word' id='word_1_39' title='bbox 622 1983 767 2060; x_wconf 78' lang='lat' dir='ltr'><strong>oporteat.</strong></span> <span class='ocrx_word' id='word_1_40' title='bbox 812 1983 819 1994; x_wconf 81' lang='grc'><em>’</em></span> 
     </span>
     <span class='ocr_line' id='line_1_9' title="bbox 91 2052 891 2140; baseline -0.003 -18"><span class='ocrx_word' id='word_1_41' title='bbox 91 2052 538 2122; x_wconf 74' lang='grc' dir='ltr'>ΣΥΝΑΠΟΘΝΗΣΚΟΝΤΕΣ</span> <span class='ocrx_word' id='word_1_42' title='bbox 552 2061 666 2140; x_wconf 78' lang='lat' dir='ltr'><strong>Diphili</strong></span> <span class='ocrx_word' id='word_1_43' title='bbox 681 2060 829 2120; x_wconf 84' lang='lat' dir='ltr'><strong>eomoedie</strong></span> <span class='ocrx_word' id='word_1_44' title='bbox 844 2060 891 2121; x_wconf 69' lang='lat' dir='ltr'><strong>&#39;st</strong></span> 
     </span>
    </p>

    <p class='ocr_par' dir='ltr' id='par_1_9' title="bbox 85 2139 1093 2618">
     <span class='ocr_line' id='line_1_10' title="bbox 93 2139 991 2202; baseline -0.003 0"><span class='ocrx_word' id='word_1_45' title='bbox 93 2142 165 2202; x_wconf 83' lang='lat' dir='ltr'><strong>Eem</strong></span> <span class='ocrx_word' id='word_1_46' title='bbox 180 2141 478 2201; x_wconf 61' lang='lat' dir='ltr'><strong>commonuimus</strong></span> <span class='ocrx_word' id='word_1_47' title='bbox 494 2140 615 2200; x_wconf 79' lang='lat' dir='ltr'><strong>Plautus</strong></span> <span class='ocrx_word' id='word_1_48' title='bbox 628 2139 699 2199; x_wconf 82' lang='lat' dir='ltr'><strong>lecit</strong></span> <span class='ocrx_word' id='word_1_49' title='bbox 714 2140 858 2202; x_wconf 79' lang='lat' dir='ltr'><strong>sahulem.</strong></span> <span class='ocrx_word' id='word_1_50' title='bbox 988 2173 991 2180; x_wconf 88' lang='lat'>.</span> 
     </span>
     <span class='ocr_line' id='line_1_11' title="bbox 93 2219 778 2300; baseline -0.001 -20"><span class='ocrx_word' id='word_1_51' title='bbox 93 2219 126 2280; x_wconf 87' lang='lat' dir='ltr'><strong>ln</strong></span> <span class='ocrx_word' id='word_1_52' title='bbox 141 2220 247 2281; x_wconf 76' lang='lat' dir='ltr'><strong>Graect</strong></span> <span class='ocrx_word' id='word_1_53' title='bbox 261 2221 432 2280; x_wconf 74' lang='lat' dir='ltr'>adolescens</span> <span class='ocrx_word' id='word_1_54' title='bbox 444 2230 500 2293; x_wconf 87' lang='lat' dir='ltr'><strong>est,</strong></span> <span class='ocrx_word' id='word_1_55' title='bbox 516 2221 568 2296; x_wconf 89' lang='lat' dir='ltr'><strong>qui</strong></span> <span class='ocrx_word' id='word_1_56' title='bbox 580 2220 678 2279; x_wconf 87' lang='lat' dir='ltr'><strong>lenoni</strong></span> <span class='ocrx_word' id='word_1_57' title='bbox 691 2221 778 2300; x_wconf 81' lang='lat' dir='ltr'><strong>eripit</strong></span> 
     </span>
     <span class='ocr_line' id='line_1_12' title="bbox 85 2298 936 2380; baseline -0.002 -20"><span class='ocrx_word' id='word_1_58' title='bbox 85 2298 291 2372; x_wconf 82' lang='lat' dir='ltr'><strong>Meretricem,</strong></span> <span class='ocrx_word' id='word_1_59' title='bbox 305 2300 336 2359; x_wconf 87' lang='lat' dir='ltr'><strong>in</strong></span> <span class='ocrx_word' id='word_1_60' title='bbox 349 2299 443 2380; x_wconf 72' lang='lat' dir='ltr'><strong>priusl</strong></span> <span class='ocrx_word' id='word_1_61' title='bbox 457 2299 567 2360; x_wconf 75' lang='lat' dir='ltr'><strong>fabule.</strong></span> <span class='ocrx_word' id='word_1_62' title='bbox 610 2301 685 2358; x_wconf 83' lang='lat' dir='ltr'><strong>Eum</strong></span> <span class='ocrx_word' id='word_1_63' title='bbox 701 2299 824 2359; x_wconf 77' lang='lat' dir='ltr'><strong>Plautus</strong></span> <span class='ocrx_word' id='word_1_64' title='bbox 839 2299 936 2359; x_wconf 82' lang='lat' dir='ltr'><strong>locum</strong></span> 
     </span>
     <span class='ocr_line' id='line_1_13' title="bbox 94 2379 1093 2458; baseline -0.003 -19"><span class='ocrx_word' id='word_1_65' title='bbox 94 2379 226 2458; x_wconf 84' lang='lat' dir='ltr'><strong>Reliquit</strong></span> <span class='ocrx_word' id='word_1_66' title='bbox 238 2381 400 2458; x_wconf 81' lang='lat' dir='ltr'><strong>integrum:</strong></span> <span class='ocrx_word' id='word_1_67' title='bbox 421 2397 489 2438; x_wconf 88' lang='lat' dir='ltr'><strong>eum</strong></span> <span class='ocrx_word' id='word_1_68' title='bbox 504 2380 551 2438; x_wconf 85' lang='lat' dir='ltr'><strong>hie</strong></span> <span class='ocrx_word' id='word_1_69' title='bbox 564 2380 664 2439; x_wconf 82' lang='lat' dir='ltr'><strong>locum</strong></span> <span class='ocrx_word' id='word_1_70' title='bbox 678 2381 807 2458; x_wconf 77' lang='lat' dir='ltr'><strong>sumpsit</strong></span> <span class='ocrx_word' id='word_1_71' title='bbox 816 2379 872 2438; x_wconf 88' lang='lat' dir='ltr'><strong>sibi</strong></span> <span class='ocrx_word' id='word_1_72' title='bbox 1055 2387 1093 2436; x_wconf 82' lang='lat'><strong>10</strong></span> 
     </span>
     <span class='ocr_line' id='line_1_14' title="bbox 91 2457 972 2537; baseline -0.001 -19"><span class='ocrx_word' id='word_1_73' title='bbox 91 2457 126 2518; x_wconf 87' lang='lat' dir='ltr'><strong>ln</strong></span> <span class='ocrx_word' id='word_1_74' title='bbox 139 2463 355 2530; x_wconf 68' lang='lat' dir='ltr'>ADELP11083</span> <span class='ocrx_word' id='word_1_75' title='bbox 377 2459 498 2518; x_wconf 82' lang='lat' dir='ltr'><strong>verbum</strong></span> <span class='ocrx_word' id='word_1_76' title='bbox 512 2457 551 2518; x_wconf 85' lang='lat' dir='ltr'><strong>de</strong></span> <span class='ocrx_word' id='word_1_77' title='bbox 567 2459 658 2518; x_wconf 79' lang='lat' dir='ltr'><strong>verbo</strong></span> <span class='ocrx_word' id='word_1_78' title='bbox 673 2475 842 2537; x_wconf 79' lang='lat' dir='ltr'><strong>expressum</strong></span> <span class='ocrx_word' id='word_1_79' title='bbox 857 2457 972 2519; x_wconf 74' lang='lat' dir='ltr'><strong>extulit.</strong></span> 
     </span>
     <span class='ocr_line' id='line_1_15' title="bbox 93 2539 794 2618; baseline -0.004 -18"><span class='ocrx_word' id='word_1_80' title='bbox 93 2541 166 2600; x_wconf 79' lang='lat' dir='ltr'><strong>Eam</strong></span> <span class='ocrx_word' id='word_1_81' title='bbox 181 2559 234 2598; x_wconf 81' lang='lat' dir='ltr'><strong>nos</strong></span> <span class='ocrx_word' id='word_1_82' title='bbox 249 2540 343 2600; x_wconf 83' lang='lat' dir='ltr'><strong>ecturi</strong></span> <span class='ocrx_word' id='word_1_83' title='bbox 358 2557 458 2598; x_wconf 85' lang='lat' dir='ltr'><strong>sumus</strong></span> <span class='ocrx_word' id='word_1_84' title='bbox 473 2557 596 2599; x_wconf 85' lang='lat' dir='ltr'><strong>novem:</strong></span> <span class='ocrx_word' id='word_1_85' title='bbox 617 2539 794 2618; x_wconf 82' lang='lat' dir='ltr'><strong>pernoscite,</strong></span> 
     </span>
    </p>

    <p class='ocr_par' dir='ltr' id='par_1_10' title="bbox 93 2619 821 2780">
     <span class='ocr_line' id='line_1_16' title="bbox 94 2619 746 2691; baseline -0.002 -11"><span class='ocrx_word' id='word_1_86' title='bbox 94 2621 254 2680; x_wconf 73' lang='lat' dir='ltr'>Furtumne</span> <span class='ocrx_word' id='word_1_87' title='bbox 268 2619 379 2680; x_wconf 82' lang='lat' dir='ltr'><strong>sectum</strong></span> <span class='ocrx_word' id='word_1_88' title='bbox 395 2620 583 2691; x_wconf 77' lang='lat' dir='ltr'><strong>existumetis,</strong></span> <span class='ocrx_word' id='word_1_89' title='bbox 596 2639 633 2680; x_wconf 82' lang='lat' dir='ltr'><strong>eu</strong></span> <span class='ocrx_word' id='word_1_90' title='bbox 647 2620 746 2680; x_wconf 81' lang='lat' dir='ltr'><strong>locum</strong></span> 
     </span>
     <span class='ocr_line' id='line_1_17' title="bbox 93 2699 821 2780; baseline 0.001 -21"><span class='ocrx_word' id='word_1_91' title='bbox 93 2700 324 2778; x_wconf 75' lang='lat' dir='ltr'><strong>Reprehensum,</strong></span> <span class='ocrx_word' id='word_1_92' title='bbox 339 2699 390 2778; x_wconf 87' lang='lat' dir='ltr'><strong>qui</strong></span> <span class='ocrx_word' id='word_1_93' title='bbox 405 2701 570 2778; x_wconf 74' lang='lat' dir='ltr'><strong>praeteritus</strong></span> <span class='ocrx_word' id='word_1_94' title='bbox 584 2699 760 2780; x_wconf 70' lang='lat' dir='ltr'><strong>negligentil</strong></span> <span class='ocrx_word' id='word_1_95' title='bbox 774 2699 821 2760; x_wconf 72' lang='lat' dir='ltr'><strong>’st</strong></span> 
     </span>
    </p>

    <p class='ocr_par' dir='ltr' id='par_1_11' title="bbox 93 2778 883 2856">
     <span class='ocr_line' id='line_1_18' title="bbox 93 2778 883 2856; baseline 0.001 -17"><span class='ocrx_word' id='word_1_96' title='bbox 93 2780 172 2839; x_wconf 84' lang='lat' dir='ltr'><strong>Nam</strong></span> <span class='ocrx_word' id='word_1_97' title='bbox 188 2778 268 2856; x_wconf 89' lang='lat' dir='ltr'><strong>quod</strong></span> <span class='ocrx_word' id='word_1_98' title='bbox 282 2779 330 2838; x_wconf 88' lang='lat' dir='ltr'><strong>isti</strong></span> <span class='ocrx_word' id='word_1_99' title='bbox 343 2781 446 2840; x_wconf 84' lang='lat' dir='ltr'><strong>dieunt</strong></span> <span class='ocrx_word' id='word_1_100' title='bbox 461 2781 607 2852; x_wconf 78' lang='lat' dir='ltr'><strong>malevoli,</strong></span> <span class='ocrx_word' id='word_1_101' title='bbox 623 2781 754 2840; x_wconf 81' lang='lat' dir='ltr'><strong>homines</strong></span> <span class='ocrx_word' id='word_1_102' title='bbox 769 2779 883 2840; x_wconf 88' lang='lat' dir='ltr'><strong>nobiles</strong></span> 
     </span>
    </p>

    <p class='ocr_par' dir='ltr' id='par_1_12' title="bbox 94 2859 757 2936">
     <span class='ocr_line' id='line_1_19' title="bbox 94 2859 757 2936; baseline -0.003 -18"><span class='ocrx_word' id='word_1_103' title='bbox 94 2861 170 2918; x_wconf 85' lang='lat' dir='ltr'><strong>Eum</strong></span> <span class='ocrx_word' id='word_1_104' title='bbox 184 2859 333 2936; x_wconf 77' lang='lat' dir='ltr'><strong>adjutare,</strong></span> <span class='ocrx_word' id='word_1_105' title='bbox 347 2859 525 2936; x_wconf 74' lang='lat' dir='ltr'><strong>assidueque</strong></span> <span class='ocrx_word' id='word_1_106' title='bbox 541 2859 598 2918; x_wconf 71' lang='lat' dir='ltr'><strong>uni</strong></span> <span class='ocrx_word' id='word_1_107' title='bbox 611 2861 757 2926; x_wconf 75' lang='lat' dir='ltr'><strong>scribere3</strong></span> 
     </span>
    </p>

    <p class='ocr_par' dir='ltr' id='par_1_13' title="bbox 94 2937 887 3010">
     <span class='ocr_line' id='line_1_20' title="bbox 94 2937 887 3010; baseline -0.004 -12"><span class='ocrx_word' id='word_1_108' title='bbox 94 2937 186 3010; x_wconf 86' lang='lat' dir='ltr'><strong>Quod</strong></span> <span class='ocrx_word' id='word_1_109' title='bbox 200 2939 241 2998; x_wconf 92' lang='lat' dir='ltr'><strong>illi</strong></span> <span class='ocrx_word' id='word_1_110' title='bbox 256 2938 441 3001; x_wconf 81' lang='lat' dir='ltr'><strong>maledictum</strong></span> <span class='ocrx_word' id='word_1_111' title='bbox 457 2939 610 2998; x_wconf 80' lang='lat' dir='ltr'><strong>vehemens</strong></span> <span class='ocrx_word' id='word_1_112' title='bbox 623 2959 686 2998; x_wconf 79' lang='lat' dir='ltr'><strong>esee</strong></span> <span class='ocrx_word' id='word_1_113' title='bbox 701 2941 887 3010; x_wconf 79' lang='lat' dir='ltr'><strong>existumant,</strong></span> 
     </span>
    </p>

    <p class='ocr_par' dir='ltr' id='par_1_14' title="bbox 92 3016 951 3176">
     <span class='ocr_line' id='line_1_21' title="bbox 95 3016 951 3095; baseline -0.004 -17"><span class='ocrx_word' id='word_1_114' title='bbox 95 3019 169 3078; x_wconf 74' lang='lat' dir='ltr'><strong>llum</strong></span> <span class='ocrx_word' id='word_1_115' title='bbox 184 3018 300 3078; x_wconf 81' lang='lat' dir='ltr'><strong>leudem</strong></span> <span class='ocrx_word' id='word_1_116' title='bbox 317 3020 363 3080; x_wconf 84' lang='lat' dir='ltr'><strong>hie</strong></span> <span class='ocrx_word' id='word_1_117' title='bbox 378 3018 460 3080; x_wconf 84' lang='lat' dir='ltr'><strong>ducit</strong></span> <span class='ocrx_word' id='word_1_118' title='bbox 474 3037 650 3088; x_wconf 72' lang='lat' dir='ltr'><strong>maxumum,</strong></span> <span class='ocrx_word' id='word_1_119' title='bbox 665 3037 756 3095; x_wconf 89' lang='lat' dir='ltr'><strong>quum</strong></span> <span class='ocrx_word' id='word_1_120' title='bbox 771 3016 827 3075; x_wconf 86' lang='lat' dir='ltr'><strong>illis</strong></span> <span class='ocrx_word' id='word_1_121' title='bbox 842 3016 951 3094; x_wconf 79' lang='lat' dir='ltr'><strong>placet,</strong></span> 
     </span>
     <span class='ocr_line' id='line_1_22' title="bbox 92 3097 727 3176; baseline 0 -20"><span class='ocrx_word' id='word_1_122' title='bbox 92 3099 154 3168; x_wconf 87' lang='lat' dir='ltr'><strong>Qui</strong></span> <span class='ocrx_word' id='word_1_123' title='bbox 170 3098 256 3156; x_wconf 82' lang='lat' dir='ltr'><strong>vobis</strong></span> <span class='ocrx_word' id='word_1_124' title='bbox 270 3100 410 3158; x_wconf 83' lang='lat' dir='ltr'><strong>universis</strong></span> <span class='ocrx_word' id='word_1_125' title='bbox 423 3107 454 3156; x_wconf 89' lang='lat' dir='ltr'><strong>et</strong></span> <span class='ocrx_word' id='word_1_126' title='bbox 468 3097 579 3176; x_wconf 88' lang='lat' dir='ltr'><strong>populo</strong></span> <span class='ocrx_word' id='word_1_127' title='bbox 592 3097 727 3175; x_wconf 69' lang='lat' dir='ltr'><strong>plecentg</strong></span> 
     </span>
    </p>

    <p class='ocr_par' dir='ltr' id='par_1_15' title="bbox 92 3177 1094 3336">
     <span class='ocr_line' id='line_1_23' title="bbox 93 3177 1094 3257; baseline 0 -21"><span class='ocrx_word' id='word_1_128' title='bbox 93 3179 229 3246; x_wconf 83' lang='lat' dir='ltr'><strong>Quorum</strong></span> <span class='ocrx_word' id='word_1_129' title='bbox 241 3178 333 3257; x_wconf 73' lang='lat' dir='ltr'><strong>opem</strong></span> <span class='ocrx_word' id='word_1_130' title='bbox 347 3179 375 3238; x_wconf 92' lang='lat' dir='ltr'><strong>iu</strong></span> <span class='ocrx_word' id='word_1_131' title='bbox 392 3177 479 3249; x_wconf 88' lang='lat' dir='ltr'><strong>bello,</strong></span> <span class='ocrx_word' id='word_1_132' title='bbox 495 3178 523 3235; x_wconf 91' lang='lat' dir='ltr'><strong>iu</strong></span> <span class='ocrx_word' id='word_1_133' title='bbox 538 3177 611 3248; x_wconf 86' lang='lat' dir='ltr'><strong>otio,</strong></span> <span class='ocrx_word' id='word_1_134' title='bbox 626 3177 655 3235; x_wconf 90' lang='lat' dir='ltr'><strong>in</strong></span> <span class='ocrx_word' id='word_1_135' title='bbox 670 3177 800 3256; x_wconf 86' lang='lat' dir='ltr'><strong>negotio,</strong></span> <span class='ocrx_word' id='word_1_136' title='bbox 1056 3185 1094 3240; x_wconf 72' lang='lat'><strong>20</strong></span> 
     </span>
     <span class='ocr_line' id='line_1_24' title="bbox 92 3257 816 3336; baseline 0.003 -20"><span class='ocrx_word' id='word_1_137' title='bbox 92 3259 157 3316; x_wconf 88' lang='lat' dir='ltr'><strong>Suo</strong></span> <span class='ocrx_word' id='word_1_138' title='bbox 167 3258 295 3336; x_wconf 84' lang='lat' dir='ltr'><strong>quisque</strong></span> <span class='ocrx_word' id='word_1_139' title='bbox 308 3267 438 3334; x_wconf 82' lang='lat' dir='ltr'><strong>tempure</strong></span> <span class='ocrx_word' id='word_1_140' title='bbox 453 3275 522 3316; x_wconf 79' lang='lat' dir='ltr'><strong>usus</strong></span> <span class='ocrx_word' id='word_1_141' title='bbox 535 3257 654 3317; x_wconf 87' lang='lat' dir='ltr'><strong>estsine</strong></span> <span class='ocrx_word' id='word_1_142' title='bbox 668 3258 816 3336; x_wconf 73' lang='lat' dir='ltr'><strong>superbit.</strong></span> 
     </span>
    </p>

    <p class='ocr_par' dir='ltr' id='par_1_16' title="bbox 95 3337 813 3416">
     <span class='ocr_line' id='line_1_25' title="bbox 95 3337 813 3416; baseline 0 -20"><span class='ocrx_word' id='word_1_143' title='bbox 95 3338 214 3398; x_wconf 85' lang='lat' dir='ltr'><strong>Dehine</strong></span> <span class='ocrx_word' id='word_1_144' title='bbox 227 3358 264 3397; x_wconf 88' lang='lat' dir='ltr'><strong>ue</strong></span> <span class='ocrx_word' id='word_1_145' title='bbox 278 3337 455 3415; x_wconf 78' lang='lat' dir='ltr'><strong>exspectetis</strong></span> <span class='ocrx_word' id='word_1_146' title='bbox 471 3349 671 3416; x_wconf 74' lang='lat' dir='ltr'><strong>argumentum</strong></span> <span class='ocrx_word' id='word_1_147' title='bbox 688 3338 813 3400; x_wconf 75' lang='lat' dir='ltr'><strong>iebulaes</strong></span> 
     </span>
    </p>

    <p class='ocr_par' dir='ltr' id='par_1_17' title="bbox 92 3417 814 3496">
     <span class='ocr_line' id='line_1_26' title="bbox 92 3417 814 3496; baseline -0.001 -19"><span class='ocrx_word' id='word_1_148' title='bbox 92 3419 187 3477; x_wconf 81' lang='lat' dir='ltr'><strong>Senes</strong></span> <span class='ocrx_word' id='word_1_149' title='bbox 203 3418 253 3496; x_wconf 90' lang='lat' dir='ltr'><strong>qui</strong></span> <span class='ocrx_word' id='word_1_150' title='bbox 265 3417 351 3496; x_wconf 87' lang='lat' dir='ltr'><strong>primi</strong></span> <span class='ocrx_word' id='word_1_151' title='bbox 365 3417 490 3489; x_wconf 81' lang='lat' dir='ltr'><strong>venient,</strong></span> <span class='ocrx_word' id='word_1_152' title='bbox 505 3417 523 3478; x_wconf 89' lang='lat' dir='ltr'><strong>ii</strong></span> <span class='ocrx_word' id='word_1_153' title='bbox 538 3429 651 3496; x_wconf 82' lang='lat' dir='ltr'><strong>perlem</strong></span> <span class='ocrx_word' id='word_1_154' title='bbox 665 3419 814 3496; x_wconf 70' lang='lat' dir='ltr'><strong>aperientt</strong></span> 
     </span>
    </p>

    <p class='ocr_par' dir='ltr' id='par_1_18' title="bbox 92 3496 934 3656">
     <span class='ocr_line' id='line_1_27' title="bbox 92 3496 934 3578; baseline 0.001 -22"><span class='ocrx_word' id='word_1_155' title='bbox 92 3496 129 3556; x_wconf 88' lang='lat' dir='ltr'><strong>ln</strong></span> <span class='ocrx_word' id='word_1_156' title='bbox 143 3497 261 3578; x_wconf 80' lang='lat' dir='ltr'><strong>egendo</strong></span> <span class='ocrx_word' id='word_1_157' title='bbox 274 3507 387 3575; x_wconf 82' lang='lat' dir='ltr'><strong>perlem</strong></span> <span class='ocrx_word' id='word_1_158' title='bbox 399 3497 566 3560; x_wconf 86' lang='lat' dir='ltr'><strong>ostendent.</strong></span> <span class='ocrx_word' id='word_1_159' title='bbox 607 3497 716 3570; x_wconf 74' lang='lat' dir='ltr'><strong>Facite,</strong></span> <span class='ocrx_word' id='word_1_160' title='bbox 732 3497 934 3576; x_wconf 69' lang='lat' dir='ltr'><strong>aequanimius</strong></span> 
     </span>
     <span class='ocr_line' id='line_1_28' title="bbox 93 3577 768 3656; baseline 0 -18"><span class='ocrx_word' id='word_1_161' title='bbox 93 3579 197 3639; x_wconf 71' lang='lat' dir='ltr'><strong>Poetae</strong></span> <span class='ocrx_word' id='word_1_162' title='bbox 210 3577 247 3639; x_wconf 83' lang='lat' dir='ltr'><strong>ed</strong></span> <span class='ocrx_word' id='word_1_163' title='bbox 265 3577 452 3638; x_wconf 80' lang='lat' dir='ltr'><strong>scribendum</strong></span> <span class='ocrx_word' id='word_1_164' title='bbox 467 3587 572 3656; x_wconf 73' lang='lat' dir='ltr'><strong>augeat</strong></span> <span class='ocrx_word' id='word_1_165' title='bbox 586 3577 768 3638; x_wconf 75' lang='lat' dir='ltr'><strong>industriam.</strong></span> 
     </span>
    </p>
   </div>
   <div class='ocr_carea' id='block_1_5' title="bbox 0 0 1208 4038">
    <p class='ocr_par' dir='ltr' id='par_1_19' title="bbox 0 0 1208 4038">
     <span class='ocr_line' id='line_1_29' title="bbox 0 0 1208 4038; baseline 0 0"><span class='ocrx_word' id='word_1_166' title='bbox 0 0 1208 4038; x_wconf 95' lang='lat' dir='ltr'><strong> </strong></span> 
     </span>
    </p>
   </div>
  </div>
 </body>
</html>
