2404 4038
75 271 117 332 90
318 263 837 326 nnnUTONTrntonUMENos.

77 419 153 487 Quae
170 415 218 476 nte
234 437 333 476 sumus
348 417 450 476 locuti.
493 417 598 492 Clinia,
621 419 705 478 aliter
725 425 808 476 tuum
831 435 971 488 umorem,
986 424 1081 492 atque

198 499 329 567 est,acci
354 498 399 557 is:
487 505 495 514 '
569 509 571 514 '
629 507 630 510 ’

78 576 153 638 Nam
168 587 199 636 et
213 579 272 636 vita
284 517 454 649 estlndenn
470 585 499 637 et
513 578 624 637 animus
634 585 664 637 te
678 596 746 655 erga
760 577 848 651 idem,
865 597 901 636 ao
912 575 986 644 tuin

78 657 284 726 Quantum-ex·
294 657 358 732 iuri
372 678 401 716 re
413 659 618 734 conjecturem
633 659 775 735 cepimus.
843 695 846 701 -

81 736 158 797 Clin.
180 736 258 804 Quid
275 748 330 808 est,
349 739 495 800 obsecro?
516 759 582 797 nam
608 739 678 813 milri
700 757 777 798 nuno
799 737 870 796 nihil
896 754 993 795 rerum
1016 753 1082 792 orn·

199 818 279 876 nium
295 819 329 878 'st
787 817 790 824 '
961 827 966 836 '
1023 852 1026 856 ·
1070 815 1073 820 ’

78 895 167 965 Quod
184 898 290 966 malini,
307 896 396 976 quim
411 917 458 957 me
470 898 527 956 boe
539 897 615 957 falso
632 897 815 976 suspicerier.
950 969 953 976 Ι

79 975 131 1054 Sy.
143 1005 144 1011 κ
154 977 220 1035 Hoo
236 979 378 1054 primurn,v
389 985 422 1036 nt
436 995 472 1037 ne
487 977 559 1056 quid
574 977 661 1054 liujus
676 997 769 1038 rerum
785 977 921 1056 ignom
943 993 1017 1036 enus

79 1057 154 1125 Quen
169 1068 213 1116 est
225 1059 305 1118 dicta
320 1067 411 1118 ureter
426 1077 487 1117 esse
500 1058 528 1117 ei
541 1061 676 1128 nrrtehee,
689 1077 747 1116 non
761 1057 840 1118 fuit:

78 1136 120 1195 Ea
135 1139 208 1196 obiit
225 1149 367 1197 mortem:
389 1141 446 1196 lrou
461 1137 523 1216 ipsa
537 1139 565 1197 in
581 1139 682 1198 itinere
696 1137 795 1198 alterne
1038 1142 1081 1194 30

78 1217 160 1276 Duru
176 1230 283 1290 narret,
297 1219 373 1278 forti
387 1218 497 1278 audivi.
542 1219 619 1280 Clin.
644 1221 785 1288 Quaenam
801 1225 847 1277 ert
860 1217 975 1278 altera!
1018 1265 1020 1270 ,

79 1295 133 1374 Sy.
154 1299 258 1358 Mane:
281 1301 346 1370 hoe,
363 1300 441 1378 quod
457 1300 544 1376 ooepi,
560 1299 688 1379 primurn
703 1319 843 1369 enarrem,
856 1296 1009 1376 Clitiplto:

77 1377 150 1440 Post
164 1381 240 1438 istuc
256 1381 380 1438 venium.
405 1380 475 1440 Clit·
489 1381 628 1460 Propero.
650 1381 701 1458 Sy.
717 1382 782 1440 Jarn
798 1379 926 1458 primurn
936 1375 1079 1444 omnium,

78 1457 139 1518 Ubi
153 1471 270 1518 ventum
284 1461 322 1519 ad
337 1461 414 1520 redes
424 1473 480 1529 eet,
498 1463 609 1520 Dromo
623 1463 719 1537 pultat
734 1462 829 1520 toros:
1086 1460 1090 1470 '

79 1541 162 1599 Anus
178 1541 311 1617 quaedam
328 1541 449 1618 prodit:
473 1543 539 1600 ltaeo
555 1541 606 1598 ubi
616 1540 732 1618 aperuit
745 1541 865 1612 ostium,
915 1554 917 1556 ’

79 1621 228 1678 Continuo
244 1621 290 1677 lrie
303 1640 334 1678 se
348 1619 476 1696 conjecit
491 1620 586 1680 intro:
608 1640 663 1698 ego
678 1639 855 1698 consequor.

78 1702 162 1760 Anus
177 1700 289 1758 loribus
304 1700 390 1758 obdit
403 1701 554 1778 pessulum
567 1721 575 1766 ;
596 1702 633 1758 ud
650 1701 744 1758 lanam
760 1700 849 1760 redit.

79 1779 158 1838 ilinc
172 1781 239 1838 sciri
255 1781 362 1856 potuit,
378 1789 430 1839 eut
444 1799 588 1859 nusquam
604 1781 686 1852 alibi,
703 1780 809 1854 Clinia,

79 1859 149 1924 Quo
161 1859 258 1916 studio
274 1863 363 1918 vitant
380 1879 460 1918 stram
476 1871 504 1919 te
518 1861 639 1921 absente
653 1863 790 1936 exegerit,

80 1937 139 1996 Ubi
155 1939 193 1997 de
208 1940 364 2016 improviso
376 1940 571 2002 interventum
587 1950 632 2000 est
647 1940 798 2000 mulierit'
848 1951 850 1955 '
1041 1944 1084 1996 40

79 2017 156 2076 Num
172 2039 205 2076 ea
220 2041 264 2078 res
279 2019 361 2080 dedit
375 2030 437 2080 turn
451 2022 648 2081 existumandi
662 2023 778 2100 copiam

79 2097 246 2174 Cotidinnae
259 2101 326 2160 vitae
341 2102 594 2172 consuetudinem,

80 2178 166 2249 Quae,
182 2181 488 2260 cujusqueingeniunr
506 2191 537 2240 nt
552 2182 598 2252 sit,
614 2181 743 2240 declarat
759 2181 893 2241 maxume
909 2199 917 2240 :

79 2257 245 2320 Texentem
261 2263 348 2320 telam
364 2261 495 2322 studiose
509 2263 602 2339 ipsunt
615 2263 804 2336 offendimur,

80 2340 272 2401 Mediocriter
286 2343 417 2402 vestitam
433 2353 512 2402 veste
524 2343 653 2421 lugubri,
750 2389 752 2395 .

79 2419 152 2496 Ejus
167 2425 251 2480 nitriis
266 2424 367 2496 causi,
382 2423 496 2501 opinor,
511 2443 578 2503 quae
590 2423 657 2484 'eret
670 2433 801 2492 mortno:

78 2499 149 2560 Sine
162 2523 243 2570 euro,
257 2515 317 2562 tun
334 2514 476 2575 ornatam,
492 2505 533 2564 ite
547 2504 591 2564 utl
605 2523 672 2580 qun
682 2514 822 2562 ornentur
836 2502 911 2572 rilri;

31 2647 38 2658 Ι
80 2579 169 2639 Nuttt
186 2584 260 2640 mnld
276 2603 307 2640 re
322 2605 382 2642 esse
395 2584 553 2659 expolitam
569 2583 721 2653 nruliebri;

81 2659 337 2738 ciptttus‘passns,
352 2663 494 2742 prolixus,
509 2663 619 2722 circum
634 2673 728 2740 ceput

79 2739 220 2818 Rejectns
236 2742 430 2818 negligenter:
453 2745 528 2819 pax!
574 2742 652 2802 Clin.
673 2744 747 2821 Syre
763 2741 813 2812 mi,
827 2741 967 2813 obsecro,
1042 2748 1085 2801 50

80 2820 190 2894 Neme
203 2823 230 2882 in
247 2823 375 2883 laetitinru
391 2823 500 2882 trustra
515 2823 670 2901 conjicias.
714 2823 767 2900 Sy.
788 2825 872 2883 Anus
956 2851 959 2854 ·

81 2903 244 2962 Subtemen
260 2905 367 2964 nebat:
389 2913 529 2981 preterea
544 2923 601 2967 uua
615 2903 753 2964 ancillula

78 2981 149 3042 Erat
162 3007 170 3053 ς
194 3005 228 3044 en
243 2987 363 3045 texebat
377 2984 561 3064 und‚.pattnie
575 2985 682 3054 obsita,
1011 3039 1013 3044 ,

80 3062 234 3140 Negleonn
250 3066 400 3124 immunda
412 3066 516 3148 illuvie.
560 3065 632 3125 ctu.
654 3067 684 3124 Si
700 3065 765 3124 haeo
778 3071 856 3136 eunt,
870 3063 978 3134 Clinia,

82 3143 169 3212 vern,
186 3147 225 3203 itu
243 3146 285 3204 utl
300 3145 400 3216 credo,
416 3147 481 3224 quie
496 3157 525 3206 te
539 3155 584 3206 est
597 3143 790 3204 fortunatiorl

82 3222 163 3282 Sein’
179 3235 208 3281 tu
225 3228 311 3294 lianc,
326 3244 414 3304 qnam
428 3225 500 3285 dicit
513 3225 691 3286 sordidatam
706 3233 736 3283 et
750 3222 921 3285 sordidant

83 3303 225 3381 Magnum
257 3305 312 3364 hoo
340 3323 459 3384 quoqne
494 3307 609 3386 riguum
642 3315 698 3378 est,
734 3303 882 3365 dominere
909 3321 973 3364 erre
1002 3311 1085 3370 extre

79 3399 81 3404 ’
205 3403 332 3457 noxium,

82 3465 181 3534 Quum
198 3465 265 3542 eins
278 3476 338 3524 tem
352 3463 539 3544 negliguntur
552 3463 740 3525 internuntii:

83 3546 160 3605 Nnnr
174 3546 326 3623 discipline
339 3555 384 3605 est
396 3545 518 3617 eisdem,
536 3545 709 3604 munerarier

81 3619 904 3706 mttttspnntm,eddomtnsqotadteountvhn.
985 3651 1013 3679 -.
1042 3621 1087 3682 uo
