2404 4038
110 341 145 394 ra
523 327 694 394 ANDRIA.

108 492 152 552 δι’.
187 492 256 580 Non
288 491 452 572 imperabat
472 509 583 564 eoram,
610 491 683 572 quid
705 507 779 571 opus
800 489 880 552 iaetu
901 500 989 565 esset,
1016 491 1108 574 paer-

106 651 177 724 Sed,
208 591 367 746 plddtrrssp’am
387 671 503 732 egressa
530 663 585 725 est,
618 650 762 732 idioquae
786 661 852 712 sunt
880 651 968 726 intus,
997 585 1108 715 οἱιιιιιιιῖ

229 732 267 791 de
282 733 338 794 vri.

105 813 134 871 0
150 813 243 883 Dave,
255 805 331 872 itau'
345 821 518 873 contemnor
530 814 651 873 abs'tei
671 821 722 872 aut
737 813 817 872 itane
829 811 947 872 tandem
962 810 1086 874 idoneos

103 892 174 951 Tibi
189 889 290 951 videor
300 913 373 963 esre,
386 911 469 971 quem
485 903 546 954 tam
561 893 661 972 aperte
677 892 775 952 tenere
786 892 908 970 incipias
919 893 1016 954 dolis?

105 972 216 1032 Saltem
232 975 383 1044 accurate,
399 984 432 1033 ut
442 976 532 1034 metui
548 975 666 1034 videar:
688 974 768 1032 certe
783 973 807 1030 si
821 973 1010 1033 nesciverint!

105 1052 168 1113 Do.
197 1053 284 1114 Certe
311 1053 408 1114 hercle
432 1073 510 1114 nuno
531 1055 580 1113 nie
601 1073 632 1114 se
652 1054 732 1132 ipsus
753 1052 838 1125 fallit,
861 1053 939 1112 baud
962 1071 1028 1133 ego.
1060 1049 1107 1114 Si.

227 1134 344 1193 Edixin'
359 1133 435 1194 tibii

105 1211 313 1273 Interminatus
328 1233 403 1285 sum,
420 1233 455 1274 ne
470 1215 600 1274 faceres?
621 1231 690 1273 nura
705 1213 835 1273 retituet
855 1213 927 1290 quid
943 1211 1065 1273 retuliti

106 1291 232 1351 Credon'
245 1293 298 1353 tibi
311 1295 378 1366 hoc,
389 1315 468 1374 nuno
483 1295 632 1373 peperisse
648 1295 723 1353 hanc
736 1315 752 1353 e
767 1293 944 1370 Pamphilo!

106 1371 171 1432 Da.
193 1373 307 1446 Teneo,
330 1375 401 1453 quid
423 1386 520 1444 erret;
543 1385 572 1435 et
593 1375 665 1454 quid
686 1393 780 1452 agam,
809 1373 915 1434 habeo.
958 1372 1001 1432 Si.
1024 1371 1104 1442 Quid

228 1455 332 1514 taceri
991 1459 1001 1468 “

107 1532 170 1592 Du.
181 1532 261 1600 Quid
272 1534 491 1611 eredasiquasi
501 1539 563 1592 'non
579 1533 632 1590 tibi
646 1533 808 1592 renuntiata
823 1533 882 1593 siut
892 1534 965 1601 haee,
975 1531 1017 1590 eie
1030 1531 1104 1592 fore.
1189 1531 1190 1594 Ϊ

106 1611 150 1672 Si.
167 1612 272 1671 Mihin’
287 1613 465 1690 quisquam?
487 1615 550 1673 Du.
565 1613 650 1671 Eho!
674 1631 712 1670 nn
727 1622 790 1672 tute
805 1613 945 1672 intelierti
961 1613 1017 1670 hoc
1032 1613 1107 1671 assi·
1189 1609 1190 1654 ἶ

228 1693 353 1752 nrularii
377 1692 421 1752 Si.
431 1691 581 1751 Irrideori
1066 1699 1106 1753 20

106 1771 169 1830 Du.
185 1771 394 1832 Renuntiatum
409 1783 473 1841 est;
489 1793 555 1831 nam
571 1770 623 1848 qui
638 1769 741 1831 isthaec
756 1772 809 1830 nbi
821 1772 924 1831 incidit
936 1771 1093 1849 suspiciet

107 1849 142 1907 Si
163 1847 246 1918 Qutt
267 1852 335 1928 quia
348 1863 377 1911 te
391 1853 503 1912 adram.
526 1853 589 1913 Da.
604 1852 696 1921 Quasi
710 1863 742 1910 tu
755 1852 850 1922 dieas,
866 1852 975 1911 iactura
991 1849 1022 1910 id
1036 1865 1106 1910 eon·
1190 1925 1191 1950 1

108 2008 152 2070 si.
174 1931 437 2104 Ceriglgnlilnioscio.
460 2011 522 2072 Da.
534 2013 603 2070 Non
617 2012 686 2072 satis
698 2031 744 2070 me
758 2011 888 2091 perndsti
901 2010 1000 2083 etiam,
1012 2012 1107 2090 qualis

109 2167 152 2228 Si.
163 2094 413 2247 Egodldnt’eimlldd.
430 2171 487 2230 Sed
503 2170 607 2247 siquid
623 2189 740 2229 narrare
754 2171 870 2250 occepi,
891 2169 1032 2231 continuo
1044 2171 1107 2231 daei

107 2248 176 2308 Tibi
200 2249 289 2309 verba
311 2270 424 2311 censes.
460 2251 503 2310 Si.
521 2251 614 2330 Falso.
650 2252 711 2309 Du.
727 2253 831 2328 ltaque
847 2252 945 2310 hercle
956 2253 1026 2310 nihil
1041 2251 1105 2330 jam

230 2330 333 2390 mutire
348 2332 452 2392 audeo.

109 2408 153 2468 Si.
169 2411 235 2469 Hoc
260 2431 315 2488 ego
334 2413 401 2503 'scio
424 2431 522 2482 unum,
545 2410 690 2470 neminem
710 2411 858 2488 peperisse
880 2411 952 2470 hies
969 2412 1031 2472 Da.
1058 2412 1107 2469 ln-

108 2566 165 2626 Sed
180 2491 379 2630 nihiledliddius
394 2590 461 2628 urnx
475 2569 606 2628 deferent
619 2585 741 2644 puerum
755 2548 815 2627 irue
826 2579 893 2628 ante
908 2569 1011 2628 ostium
1025 2590 1033 2637 ;

107 2645 143 2705 Id
159 2667 215 2725 ego
225 2649 289 2724 jam
304 2669 381 2709 nunc
396 2650 449 2708 tibi
465 2649 700 2720 renuntiauere,
715 2647 856 2720 futurum,
874 2659 905 2708 ut
917 2651 955 2707 sir
968 2650 1078 2710 sciens:

110 2728 157 2785 Ne
171 2737 204 2787 tu
218 2729 367 2820 hoo-milri
388 2729 532 2807 posterius
546 2728 638 2798 dicas,
669 2729 744 2787 Dari
765 2727 875 2788 sactum
900 2729 1033 2800 consilio,
1056 2740 1108 2790 aut

109 2808 317 2948 Prorsusfflodase
331 2887 496 2966 opinionem
512 2888 587 2946 hanc
596 2897 676 2946 tuam
687 2907 750 2946 esee
760 2907 815 2965 ego
826 2896 953 2946 amotam
966 2889 1042 2946 volo.
1067 2896 1108 2948 ³0

110 2965 155 3024 Si.
167 2969 252 3060 Unde¹
266 2968 294 3026 id
310 2969 392 3029 suist
424 2963 489 3030 Do.
503 2969 623 3038 Audivi,
641 2977 671 3027 et
692 2968 788 3036 eredo,
815 2968 904 3026 muita
924 2978 1107 3028 concurrunt

110 3126 172 3196 Qut
186 3050 388 3221 codifcilu'ram
403 3130 478 3188 hauc
501 3149 579 3188 nune
598 3124 688 3188 facio.
729 3129 794 3187 Jarn
811 3127 936 3204 primdm
961 3128 1025 3188 haee
1045 3147 1108 3186 see

112 3209 438 3381 vaiddd'dissiizsse
454 3307 462 3348 ι
485 3288 633 3348 inventum
649 3288 686 3347 'et
699 3285 826 3347 fulsum:
847 3305 936 3359 nune,
950 3295 1108 3366 postquam

110 3369 332 3524 Nuptiadldiddri
346 3447 491 3530 adparari,
507 3448 593 3507 missa
607 3417 769 3508 estaneilla
783 3447 851 3505 ilico

111 3526 309 3589 Obstetricem
324 3531 493 3589 arcessitum
509 3527 545 3586 sd
556 3547 631 3600 eam,
645 3537 677 3588 et
688 3547 810 3606 puerum
826 3538 859 3586 nt
872 3525 1000 3586 adferret
1010 3527 1109 3586 simul.

111 3605 177 3666 Hoc
191 3609 247 3668 nisi
258 3609 302 3680 fir,
318 3629 440 3685 puerum
454 3617 487 3667 ut
501 3617 533 3666 tu
548 3609 659 3682 videas,
675 3609 747 3668 nihil
759 3617 912 3668 moventur
926 3606 1047 3684 nuptiae.

116 3685 157 3742 9²2
171 3688 251 3757 Quid
263 3691 325 3751 ais!
347 3691 415 3752 erim
431 3688 612 3749 intellexeras

1188 1987 1191 2004 t
