2404 4038
361 253 497 316 Ac'rus
524 255 561 314 V.
596 254 732 316 SCENA
758 260 785 319 1.
1017 269 1073 322 113

70 407 180 466 Nonne
194 403 225 486 id
239 401 380 485 flagitium
394 411 437 480 'st,
453 415 483 468 te
497 401 561 468 aliis
576 407 735 470 consitium
751 409 832 486 dare,

72 487 155 546 Foris
169 505 293 564 saperem
315 487 371 547 tibi
386 506 445 546 noo
458 507 546 566 posse
560 489 754 550 auxilieriert
1036 498 1074 551 50

15 619 33 639 ,,
73 567 125 630 ct.
140 565 223 635 Quid
237 565 367 626 factumi
408 568 471 628 Me.
487 569 521 626 id
537 569 617 646 quod
633 588 679 630 me
693 569 798 630 iecisse
811 569 911 632 aiebas
925 589 1039 650 parum.

71 646 131 706 Fac
146 655 177 714 te
192 655 304 724 patrem
318 665 382 706 esse
396 647 521 714 seutiam
541 647 589 706 sac
604 657 638 707 ut
652 649 761 710 audeat

70 725 138 786 Tibi
151 725 270 784 credere
285 725 391 798 omnia,
405 725 458 786 obs
473 736 501 786 te
516 736 627 805 petere,
643 737 674 788 et
688 748 811 806 poscere
824 751 833 800 ς

71 805 223 884 Nequam
238 805 323 866 aliam
338 815 450 885 quaerat
461 807 590 884 copiam,
604 826 640 868 ac
655 819 685 870 te
698 810 826 870 deserat.

74 885 128 946 ct.
143 885 239 944 Immo
253 886 351 956 abeat,
366 885 460 946 multo
475 887 563 960 malo,
579 889 685 964 quovis
699 890 838 966 gentium,

72 965 173 1033 Quam
188 964 237 1024 hic
250 984 303 1044 per
317 964 508 1042 flagitium'ad
522 968 653 1046 inopiam
668 969 782 1048 redigat
795 979 907 1048 patrem
919 989 927 1028 τ

70 1045 162 1117 Nam,
176 1045 200 1104 si
213 1045 254 1104 illi
268 1064 360 1124 pergo
374 1045 563 1126 suppeditare
577 1049 733 1120 sumtibus,

72 1123 259 1195 Menedeme,
274 1125 344 1184 mihi
356 1124 433 1186 illoec
447 1129 515 1188 vere
529 1129 566 1187 ad
581 1137 691 1188 rastros
706 1147 751 1189 res
766 1128 853 1188 redit.

73 1205 140 1264 Me.
156 1205 239 1274 Quot
254 1205 508 1266 incommoditates
518 1205 547 1264 in
563 1209 619 1267 hac
632 1227 663 1266 re
676 1209 818 1288 accipies,
833 1207 888 1266 nisi
903 1207 1012 1266 caveai

73 1283 230 1344 Difficilem
244 1285 384 1358 ostendes
397 1295 427 1344 te
440 1305 512 1356 esse,
527 1295 558 1346 et
571 1287 703 1362 ignosces
718 1298 815 1348 tamen
1035 1285 1075 1346 60

74 1365 166 1433 Post;
189 1373 219 1424 et
234 1364 265 1502 idl
276 1365 430 1504 irpgratum.
474 1364 526 1424 ct.
542 1367 607 1426 Ah!
624 1367 729 1440 nescis,
745 1385 833 1444 quam
848 1366 974 1425 doleam.
1011 1365 1075 1426 Me.

197 1445 238 1505 Ut
268 1465 285 1504 u
309 1451 350 1506 et.
661 1455 663 1459 “

73 1523 156 1592 Quid
171 1523 239 1598 hoc,
254 1525 334 1601 quod
350 1525 429 1595 volo,
444 1533 477 1584 ut
491 1524 541 1584 illa
555 1526 648 1586 nubat
662 1527 787 1590 nostroi
808 1524 864 1586 uisi
878 1523 950 1601 quid
965 1533 1020 1595 aet,

73 1602 165 1671 Quod
177 1603 277 1663 mavis.
322 1605 378 1744 C&
389 1601 484 1664 Immo
498 1614 528 1664 et
541 1625 631 1682 gener
644 1615 674 1664 et
687 1605 788 1666 affines
802 1606 934 1685 placent.

73 1684 139 1743 Me.
155 1683 238 1752 Quid
253 1683 332 1744 dotis
376 1683 705 1746 camtedixissefilioi
902 1755 903 1758 Ἴ

74 1763 155 1832 Quid
182 1763 358 1824 obticuistii
410 1763 462 1824 Ch.
485 1765 590 1824 Dotis!
640 1767 704 1827 Me.
725 1767 773 1826 lta
793 1764 873 1844 dico.
929 1763 983 1824 ct.
1006 1763 1073 1822 uh!

197 1843 261 1903 Me.
276 1844 411 1914 Chreme,

75 1924 124 1982 Ne
137 1923 208 2000 quid
223 1941 347 1994 vereare,
363 1924 388 1982 ei
402 1921 517 1982 minua:
539 1923 609 1984 nihil
621 1943 673 1983 uos
687 1923 741 1984 dor
753 1933 861 1985 movet.

79 2005 131 2063 Clu
146 2005 215 2062 Duo
229 2003 340 2062 talenta
352 2021 408 2080 pro
422 2021 453 2061 re
467 2003 569 2062 uostrd
582 2022 638 2082 ego
651 2023 713 2064 esea
728 2004 847 2066 decrevi
862 2001 941 2062 satis.

77 2083 132 2144 Sed
155 2084 196 2143 ita
216 2083 299 2143 dictu
321 2101 395 2160 opus
417 2090 473 2153 est,
495 2083 518 2142 si
540 2101 586 2142 me
607 2084 650 2142 vis
672 2084 783 2142 salvom
804 2102 880 2154 esse,
901 2092 932 2140 et
951 2101 1024 2152 rem,
1045 2093 1076 2143 et

196 2162 301 2235 filium,
880 2215 889 2228 .
1029 2171 1032 2178 ’

76 2245 129 2302 Me
144 2261 207 2302 mea
221 2245 318 2302 omnia
331 2242 410 2302 bona
423 2241 488 2302 doti
501 2241 609 2301 dixisse
623 2242 674 2302 ilii.
708 2241 773 2302 Me.
788 2243 886 2311 Quam
900 2259 961 2298 reru
976 2240 1062 2318 ogisi

80 2323 133 2383 ct.
146 2321 181 2381 ld
196 2323 291 2382 mirari
305 2333 334 2382 te
348 2322 493 2393 simulato,
508 2331 538 2380 et
550 2322 633 2392 illum
646 2323 704 2380 hoc
717 2322 843 2398 rogitato
858 2320 955 2388 simui,
1037 2328 1077 2386 70

15 2459 19 2472 ,
78 2401 278 2471 Quamobrem
292 2401 323 2462 id
339 2401 458 2462 faciam.
500 2401 563 2460 Me.
579 2401 658 2468 Quin
673 2419 728 2477 ego
743 2400 822 2470 vero,
838 2400 1031 2476 quamobrem
1046 2399 1076 2457 id

197 2482 299 2556 facias,
314 2483 425 2541 nescio.
827 2491 829 2496 '

80 2563 134 2623 ct.
145 2562 271 2640 Egomet
293 2573 324 2622 ut
336 2561 400 2640 ejus
410 2561 549 2633 animum,
564 2561 615 2640 qui
631 2578 710 2621 nunc
722 2559 838 2620 luxurii
852 2567 882 2620 et
897 2559 1017 2620 lascivit

76 2641 203 2712 Diffluit,
217 2645 392 2711 retundam3
414 2651 446 2703 et
459 2641 600 2718 redigam,
616 2650 657 2715 ut,
674 2641 734 2720 qud
748 2660 780 2700 ee
794 2650 903 2710 vortat,
919 2641 1037 2700 nesciat.

77 2724 142 2783 Me.
162 2723 242 2792 Quid
265 2723 349 2800 agisi
392 2722 445 2782 ct.
467 2723 573 2793 Mitta;
597 2722 658 2782 sine
672 2743 718 2782 me
732 2721 761 2780 iu
776 2719 831 2780 hac
846 2741 877 2780 re
893 2739 992 2797 gerere
1009 2719 1079 2778 mihi

200 2821 321 2864 morem.
363 2803 428 2862 Me.
443 2804 524 2863 Sino.
648 2804 650 2810 '

78 2885 161 2942 itane
181 2883 246 2941 visi
289 2882 341 2945 cu.
361 2881 418 2942 lta.
461 2883 526 2941 Me.
548 2882 623 2941 Fiat.
668 2881 722 2940 Cle.
743 2881 807 2954 Age
817 2879 893 2965 J'am,
910 2894 1027 2935 uxorem
1044 2886 1077 2936 ut

129 2974 131 2978 ’
201 2971 341 3035 arcessat,
357 2971 453 3041 paret.

77 3041 146 3114 Hic,
162 3041 204 3100 ita
217 3051 250 3100 ut
260 3043 366 3104 liberos
379 3050 426 3101 est
440 3059 568 3118 aquom,
584 3037 671 3100 dictis
685 3034 895 3096 confutabitur.

76 3123 134 3181 Sed
158 3122 285 3200 Syrum!
328 3123 390 3181 Me.
413 3121 494 3191 Quid
508 3121 600 3180 eumt
643 3117 697 3177 ct.
717 3113 838 3194 Egouei
858 3116 881 3174 ei
903 3115 978 3184 vivo,
1002 3115 1075 3180 aded

196 3209 369 3262 exornatum
383 3201 473 3273 dabo,
698 3253 700 3262 ,

76 3280 164 3346 Adeo
178 3282 336 3360 depexum,
350 3289 393 3356 ut,
411 3282 481 3342 dum
495 3282 584 3352 vivat,
601 3275 763 3338 meminerit
776 3295 892 3355 semper
905 3277 962 3336 mei
973 3298 993 3346 ;,

75 3363 137 3430 Qui
151 3361 208 3420 sibi
223 3381 269 3422 me
284 3381 338 3440 pro
352 3363 475 3422 ridiculo
489 3381 525 3421 ac
539 3361 756 3421 delectamento
769 3367 865 3436 putat.

74 3442 157 3513 Non,
173 3441 214 3502 ita
229 3460 276 3500 me
287 3441 328 3504 Di
339 3445 455 3504 amenti
470 3441 591 3512 auderet
605 3440 669 3500 hoec
683 3435 884 3500 facereviduae
899 3435 1021 3508 mulieri,
1037 3443 1075 3496 80

74 3523 153 3590 Quae
166 3520 195 3581 iu
212 3541 259 3582 me
269 3521 351 3587 iecit.
