<?xml version="1.0" encoding="UTF-8"?>
<!DOCTYPE html PUBLIC "-//W3C//DTD XHTML 1.0 Transitional//EN"
    "http://www.w3.org/TR/xhtml1/DTD/xhtml1-transitional.dtd">
<html xmlns="http://www.w3.org/1999/xhtml" xml:lang="en" lang="en">
 <head>
  <title>
</title>
<meta http-equiv="Content-Type" content="text/html;charset=utf-8" />
  <meta name='ocr-system' content='tesseract 3.04.00' />
  <meta name='ocr-capabilities' content='ocr_page ocr_carea ocr_par ocr_line ocrx_word'/>
</head>
<body>
  <div class='ocr_page' id='page_1' title='image "./publiiterentiia05teregoog/publiiterentiia05teregoog_0104.png"; bbox 0 0 2404 4038; ppageno 0'>
   <div class='ocr_carea' id='block_1_1' title="bbox 372 207 1078 277">
    <p class='ocr_par' dir='ltr' id='par_1_1' title="bbox 372 207 1078 277">
     <span class='ocr_line' id='line_1_1' title="bbox 372 207 1078 277; baseline 0.013 -12"><span class='ocrx_word' id='word_1_1' title='bbox 372 207 504 268; x_wconf 85' lang='lat' dir='ltr'><strong>ncTth</strong></span> <span class='ocrx_word' id='word_1_2' title='bbox 525 207 565 265; x_wconf 89' lang='lat' dir='ltr'><strong>ll.</strong></span> <span class='ocrx_word' id='word_1_3' title='bbox 607 207 741 267; x_wconf 83' lang='lat' dir='ltr'><strong>SCENA</strong></span> <span class='ocrx_word' id='word_1_4' title='bbox 763 208 786 268; x_wconf 92' lang='lat' dir='ltr'><strong>l.</strong></span> <span class='ocrx_word' id='word_1_5' title='bbox 836 215 843 250; x_wconf 93' lang='lat'><strong>&#39;·</strong></span> <span class='ocrx_word' id='word_1_6' title='bbox 1039 217 1078 277; x_wconf 78' lang='grc'><strong>87</strong></span> 
     </span>
    </p>
   </div>
   <div class='ocr_carea' id='block_1_2' title="bbox 14 358 1089 2358">
    <p class='ocr_par' dir='ltr' id='par_1_2' title="bbox 14 358 1089 2358">
     <span class='ocr_line' id='line_1_2' title="bbox 76 358 1075 440; baseline 0.003 -20"><span class='ocrx_word' id='word_1_7' title='bbox 76 359 179 437; x_wconf 68' lang='lat' dir='ltr'><strong>Atque</strong></span> <span class='ocrx_word' id='word_1_8' title='bbox 195 359 259 418; x_wconf 76' lang='lat' dir='ltr'><strong>nec</strong></span> <span class='ocrx_word' id='word_1_9' title='bbox 271 358 393 438; x_wconf 86' lang='lat' dir='ltr'>perinde</span> <span class='ocrx_word' id='word_1_10' title='bbox 405 361 747 435; x_wconf 77' lang='lat' dir='ltr'><strong>eunt,utilliusuoio1uo,</strong></span> <span class='ocrx_word' id='word_1_11' title='bbox 759 360 856 440; x_wconf 77' lang='lat' dir='ltr'><strong>q&#39;uie&#39;a</strong></span> <span class='ocrx_word' id='word_1_12' title='bbox 867 361 1016 438; x_wconf 79' lang='lat' dir='ltr'>possidet:</span> <span class='ocrx_word' id='word_1_13' title='bbox 1073 395 1075 404; x_wconf 37' lang='grc' dir='ltr'><strong><em>ι</em></strong></span> 
     </span>
     <span class='ocr_line' id='line_1_3' title="bbox 77 439 957 520; baseline 0.001 -21"><span class='ocrx_word' id='word_1_14' title='bbox 77 441 138 508; x_wconf 88' lang='lat' dir='ltr'><strong>Qui</strong></span> <span class='ocrx_word' id='word_1_15' title='bbox 154 439 196 499; x_wconf 88' lang='lat' dir='ltr'><strong>uti</strong></span> <span class='ocrx_word' id='word_1_16' title='bbox 210 439 275 506; x_wconf 85' lang='lat' dir='ltr'><strong>scit,</strong></span> <span class='ocrx_word' id='word_1_17' title='bbox 290 440 317 498; x_wconf 88' lang='lat' dir='ltr'><strong>ei</strong></span> <span class='ocrx_word' id='word_1_18' title='bbox 331 441 426 508; x_wconf 68' lang='lat' dir='ltr'><strong>bonuz</strong></span> <span class='ocrx_word' id='word_1_19' title='bbox 448 441 499 510; x_wconf 84' lang='lat' dir='ltr'><strong>illi,</strong></span> <span class='ocrx_word' id='word_1_20' title='bbox 514 443 566 520; x_wconf 91' lang='lat' dir='ltr'><strong>qui</strong></span> <span class='ocrx_word' id='word_1_21' title='bbox 582 461 639 500; x_wconf 92' lang='lat' dir='ltr'><strong>ooo</strong></span> <span class='ocrx_word' id='word_1_22' title='bbox 655 443 747 501; x_wconf 84' lang='lat' dir='ltr'><strong>utitur</strong></span> <span class='ocrx_word' id='word_1_23' title='bbox 761 443 853 512; x_wconf 74' lang='lat' dir='ltr'>recte,</span> <span class='ocrx_word' id='word_1_24' title='bbox 870 443 957 500; x_wconf 78' lang='lat' dir='ltr'><strong>mola.</strong></span> 
     </span>
     <span class='ocr_line' id='line_1_4' title="bbox 79 519 1080 611; baseline 0.001 -31"><span class='ocrx_word' id='word_1_25' title='bbox 79 521 127 580; x_wconf 72' lang='lat' dir='ltr'><strong>cu</strong></span> <span class='ocrx_word' id='word_1_26' title='bbox 148 521 243 580; x_wconf 81' lang='lat' dir='ltr'><strong>immo</strong></span> <span class='ocrx_word' id='word_1_27' title='bbox 266 519 317 611; x_wconf 58' lang='lat' dir='ltr'><strong>ille*</strong></span> <span class='ocrx_word' id='word_1_28' title='bbox 336 520 391 582; x_wconf 83' lang='lat' dir='ltr'><strong>luit</strong></span> <span class='ocrx_word' id='word_1_29' title='bbox 405 541 493 580; x_wconf 79' lang='lat' dir='ltr'>senex</span> <span class='ocrx_word' id='word_1_30' title='bbox 511 522 699 600; x_wconf 80' lang='lat' dir='ltr'><strong>importunus</strong></span> <span class='ocrx_word' id='word_1_31' title='bbox 715 541 849 600; x_wconf 83' lang='lat' dir='ltr'>semper:</span> <span class='ocrx_word' id='word_1_32' title='bbox 872 533 902 582; x_wconf 90' lang='lat' dir='ltr'><strong>et</strong></span> <span class='ocrx_word' id='word_1_33' title='bbox 918 541 993 582; x_wconf 87' lang='lat' dir='ltr'><strong>nuno</strong></span> <span class='ocrx_word' id='word_1_34' title='bbox 1008 523 1080 582; x_wconf 90' lang='lat' dir='ltr'><strong>nibil</strong></span> 
     </span>
     <span class='ocr_line' id='line_1_5' title="bbox 77 618 1064 760; baseline 0.003 -22"><span class='ocrx_word' id='word_1_35' title='bbox 77 618 307 757; x_wconf 64' lang='lat' dir='ltr'><strong>Verennndbildi</strong></span> <span class='ocrx_word' id='word_1_36' title='bbox 322 680 444 758; x_wconf 85' lang='lat' dir='ltr'><strong>nequid</strong></span> <span class='ocrx_word' id='word_1_37' title='bbox 459 680 488 738; x_wconf 92' lang='lat' dir='ltr'><strong>in</strong></span> <span class='ocrx_word' id='word_1_38' title='bbox 503 680 584 742; x_wconf 88' lang='lat' dir='ltr'><strong>illum</strong></span> <span class='ocrx_word' id='word_1_39' title='bbox 599 681 690 740; x_wconf 81' lang='lat' dir='ltr'><strong>iratus</strong></span> <span class='ocrx_word' id='word_1_40' title='bbox 705 681 771 760; x_wconf 80' lang='lat' dir='ltr'><strong>plus</strong></span> <span class='ocrx_word' id='word_1_41' title='bbox 786 682 855 740; x_wconf 78' lang='lat' dir='ltr'><strong>eatis</strong></span> <span class='ocrx_word' id='word_1_42' title='bbox 870 680 954 751; x_wconf 77' lang='lat' dir='ltr'><strong>suxit,</strong></span> <span class='ocrx_word' id='word_1_43' title='bbox 970 691 1064 758; x_wconf 82' lang='lat' dir='ltr'>puter.</span> 
     </span>
     <span class='ocr_line' id='line_1_6' title="bbox 17 760 1082 898; baseline -0.001 -77"><span class='ocrx_word' id='word_1_44' title='bbox 17 793 42 850; x_wconf 63' lang='grc' dir='ltr'><strong>μη</strong></span> <span class='ocrx_word' id='word_1_45' title='bbox 79 761 136 822; x_wconf 76' lang='lat' dir='ltr'><strong>ct.</strong></span> <span class='ocrx_word' id='word_1_46' title='bbox 156 760 344 898; x_wconf 42' lang='lat' dir='ltr'><strong>malinii?</strong></span> <span class='ocrx_word' id='word_1_47' title='bbox 365 761 519 838; x_wconf 81' lang='lat' dir='ltr'>reprimam</span> <span class='ocrx_word' id='word_1_48' title='bbox 544 782 608 823; x_wconf 83' lang='lat' dir='ltr'>me:</span> <span class='ocrx_word' id='word_1_49' title='bbox 632 781 699 821; x_wconf 80' lang='lat' dir='ltr'><strong>oum</strong></span> <span class='ocrx_word' id='word_1_50' title='bbox 719 762 748 820; x_wconf 90' lang='lat' dir='ltr'><strong>in</strong></span> <span class='ocrx_word' id='word_1_51' title='bbox 763 772 841 821; x_wconf 86' lang='lat' dir='ltr'><strong>metu</strong></span> <span class='ocrx_word' id='word_1_52' title='bbox 856 781 919 820; x_wconf 81' lang='lat' dir='ltr'>esse</span> <span class='ocrx_word' id='word_1_53' title='bbox 935 763 1024 836; x_wconf 84' lang='lat' dir='ltr'><strong>buno,</strong></span> <span class='ocrx_word' id='word_1_54' title='bbox 1040 761 1082 820; x_wconf 90' lang='lat' dir='ltr'><strong>illi</strong></span> 
     </span>
     <span class='ocr_line' id='line_1_7' title="bbox 17 883 1080 992; baseline 0.005 -17"><span class='ocrx_word' id='word_1_55' title='bbox 17 935 41 992; x_wconf 53' lang='lat' dir='ltr'><strong>mn</strong></span> <span class='ocrx_word' id='word_1_56' title='bbox 79 922 125 982; x_wconf 78' lang='lat' dir='ltr'><strong>cl.</strong></span> <span class='ocrx_word' id='word_1_57' title='bbox 149 919 230 989; x_wconf 84' lang='lat' dir='ltr'>Quid</span> <span class='ocrx_word' id='word_1_58' title='bbox 252 929 315 978; x_wconf 89' lang='lat' dir='ltr'><strong>tute</strong></span> <span class='ocrx_word' id='word_1_59' title='bbox 336 883 461 980; x_wconf 80' lang='lat' dir='ltr'><strong>lecuml</strong></span> <span class='ocrx_word' id='word_1_60' title='bbox 505 919 764 982; x_wconf 63' lang='lat' dir='ltr'><strong>cuniculosae</strong></span> <span class='ocrx_word' id='word_1_61' title='bbox 789 931 918 992; x_wconf 81' lang='lat' dir='ltr'><strong>uteret,</strong></span> <span class='ocrx_word' id='word_1_62' title='bbox 948 940 1080 982; x_wconf 82' lang='lat' dir='ltr'><strong>mausum</strong></span> 
     </span>
     <span class='ocr_line' id='line_1_8' title="bbox 204 1002 454 1078; baseline 0.008 -20"><span class='ocrx_word' id='word_1_63' title='bbox 204 1009 298 1058; x_wconf 85' lang='lat' dir='ltr'>tamen</span> <span class='ocrx_word' id='word_1_64' title='bbox 312 1002 454 1078; x_wconf 86' lang='lat' dir='ltr'><strong>oportuit.</strong></span> 
     </span>
     <span class='ocr_line' id='line_1_9' title="bbox 17 1078 1032 1160; baseline 0.002 -20"><span class='ocrx_word' id='word_1_65' title='bbox 17 1111 37 1155; x_wconf 51' lang='lat' dir='ltr'><strong>ms</strong></span> <span class='ocrx_word' id='word_1_66' title='bbox 80 1082 222 1140; x_wconf 77' lang='lat' dir='ltr'><strong>Fortasse</strong></span> <span class='ocrx_word' id='word_1_67' title='bbox 236 1081 419 1158; x_wconf 80' lang='lat' dir='ltr'><strong>aliquantum</strong></span> <span class='ocrx_word' id='word_1_68' title='bbox 434 1078 563 1158; x_wconf 82' lang='lat' dir='ltr'><strong>iniquior</strong></span> <span class='ocrx_word' id='word_1_69' title='bbox 576 1089 639 1140; x_wconf 80' lang='lat' dir='ltr'>erat</span> <span class='ocrx_word' id='word_1_70' title='bbox 654 1090 759 1160; x_wconf 85' lang='lat' dir='ltr'>praeter</span> <span class='ocrx_word' id='word_1_71' title='bbox 772 1081 837 1158; x_wconf 76' lang='lat' dir='ltr'>ejus</span> <span class='ocrx_word' id='word_1_72' title='bbox 852 1081 1032 1142; x_wconf 78' lang='lat' dir='ltr'><strong>lubidinem:</strong></span> 
     </span>
     <span class='ocr_line' id='line_1_10' title="bbox 79 1160 1059 1240; baseline 0.001 -21"><span class='ocrx_word' id='word_1_73' title='bbox 79 1161 251 1228; x_wconf 70' lang='lat' dir='ltr'><strong>Palemon:</strong></span> <span class='ocrx_word' id='word_1_74' title='bbox 274 1179 341 1218; x_wconf 85' lang='lat' dir='ltr'><strong>num</strong></span> <span class='ocrx_word' id='word_1_75' title='bbox 356 1181 442 1240; x_wconf 87' lang='lat' dir='ltr'>quem</span> <span class='ocrx_word' id='word_1_76' title='bbox 459 1160 558 1232; x_wconf 76' lang='lat' dir='ltr'>senet,</span> <span class='ocrx_word' id='word_1_77' title='bbox 573 1161 596 1218; x_wconf 82' lang='lat' dir='ltr'><strong>ei</strong></span> <span class='ocrx_word' id='word_1_78' title='bbox 609 1173 759 1238; x_wconf 83' lang='lat' dir='ltr'><strong>putentem</strong></span> <span class='ocrx_word' id='word_1_79' title='bbox 775 1181 834 1220; x_wconf 90' lang='lat' dir='ltr'><strong>nou</strong></span> <span class='ocrx_word' id='word_1_80' title='bbox 849 1161 937 1220; x_wconf 80' lang='lat' dir='ltr'>ferret</span> <span class='ocrx_word' id='word_1_81' title='bbox 951 1182 1033 1222; x_wconf 77' lang='lat' dir='ltr'><strong>suum</strong></span> <span class='ocrx_word' id='word_1_82' title='bbox 1046 1162 1059 1220; x_wconf 84' lang='lat' dir='ltr'><strong>l</strong></span> 
     </span>
     <span class='ocr_line' id='line_1_11' title="bbox 16 1241 1083 1334; baseline -0.012 -17"><span class='ocrx_word' id='word_1_83' title='bbox 16 1273 37 1316; x_wconf 81' lang='lat' dir='ltr'><strong>u</strong></span> <span class='ocrx_word' id='word_1_84' title='bbox 72 1241 240 1334; x_wconf 76' lang='lat' dir='ltr'><strong>-Huuoeine</strong></span> <span class='ocrx_word' id='word_1_85' title='bbox 263 1251 325 1300; x_wconf 81' lang='lat' dir='ltr'><strong>erut</strong></span> <span class='ocrx_word' id='word_1_86' title='bbox 350 1260 469 1318; x_wconf 75' lang='lat' dir='ltr'><strong>aequum</strong></span> <span class='ocrx_word' id='word_1_87' title='bbox 494 1260 530 1298; x_wconf 86' lang='lat' dir='ltr'>ex</span> <span class='ocrx_word' id='word_1_88' title='bbox 553 1241 631 1299; x_wconf 84' lang='lat' dir='ltr'><strong>illius</strong></span> <span class='ocrx_word' id='word_1_89' title='bbox 653 1261 744 1312; x_wconf 87' lang='lat' dir='ltr'>more,</span> <span class='ocrx_word' id='word_1_90' title='bbox 770 1259 808 1300; x_wconf 82' lang='lat' dir='ltr'><strong>ou</strong></span> <span class='ocrx_word' id='word_1_91' title='bbox 831 1241 912 1300; x_wconf 89' lang='lat' dir='ltr'><strong>illum</strong></span> <span class='ocrx_word' id='word_1_92' title='bbox 936 1262 972 1302; x_wconf 82' lang='lat' dir='ltr'>ex</span> <span class='ocrx_word' id='word_1_93' title='bbox 996 1241 1083 1320; x_wconf 78' lang='lat' dir='ltr'><strong>hujus</strong></span> 
     </span>
     <span class='ocr_line' id='line_1_12' title="bbox 16 1323 1085 1494; baseline -0.016 -17"><span class='ocrx_word' id='word_1_94' title='bbox 16 1436 35 1477; x_wconf 71' lang='lat' dir='ltr'><strong>uz</strong></span> <span class='ocrx_word' id='word_1_95' title='bbox 79 1402 118 1462; x_wconf 86' lang='lat' dir='ltr'><strong>Et</strong></span> <span class='ocrx_word' id='word_1_96' title='bbox 134 1323 327 1494; x_wconf 58' lang='lat' dir='ltr'><strong>quodilldld</strong></span> <span class='ocrx_word' id='word_1_97' title='bbox 339 1399 488 1459; x_wconf 78' lang='lat' dir='ltr'><strong>insimulet</strong></span> <span class='ocrx_word' id='word_1_98' title='bbox 509 1398 626 1471; x_wconf 84' lang='lat' dir='ltr'><strong>durum,</strong></span> <span class='ocrx_word' id='word_1_99' title='bbox 645 1398 675 1458; x_wconf 92' lang='lat' dir='ltr'><strong>id</strong></span> <span class='ocrx_word' id='word_1_100' title='bbox 692 1410 824 1459; x_wconf 85' lang='lat' dir='ltr'><strong>nonest:</strong></span> <span class='ocrx_word' id='word_1_101' title='bbox 847 1417 914 1458; x_wconf 86' lang='lat' dir='ltr'><strong>num</strong></span> <span class='ocrx_word' id='word_1_102' title='bbox 930 1379 1085 1478; x_wconf 77' lang='lat' dir='ltr'><strong>parentoui</strong></span> 
     </span>
     <span class='ocr_line' id='line_1_13' title="bbox 20 1489 1086 1638; baseline -0.006 -14"><span class='ocrx_word' id='word_1_103' title='bbox 20 1578 35 1637; x_wconf 67' lang='lat'><strong>4]</strong></span> <span class='ocrx_word' id='word_1_104' title='bbox 79 1499 343 1624; x_wconf 57' lang='lat' dir='ltr'><strong>Uniusmlildilsldlnt</strong></span> <span class='ocrx_word' id='word_1_105' title='bbox 354 1559 463 1619; x_wconf 85' lang='lat' dir='ltr'>ferme:</span> <span class='ocrx_word' id='word_1_106' title='bbox 486 1555 586 1638; x_wconf 76' lang='lat' dir='ltr'><strong>paullo</strong></span> <span class='ocrx_word' id='word_1_107' title='bbox 601 1559 652 1638; x_wconf 85' lang='lat' dir='ltr'><strong>qui</strong></span> <span class='ocrx_word' id='word_1_108' title='bbox 667 1568 713 1619; x_wconf 83' lang='lat' dir='ltr'><strong>est</strong></span> <span class='ocrx_word' id='word_1_109' title='bbox 726 1559 815 1618; x_wconf 90' lang='lat' dir='ltr'><strong>homo</strong></span> <span class='ocrx_word' id='word_1_110' title='bbox 829 1558 1004 1619; x_wconf 78' lang='lat' dir='ltr'><strong>tolerabilis.</strong></span> <span class='ocrx_word' id='word_1_111' title='bbox 1046 1489 1086 1542; x_wconf 66' lang='grc'><strong>30</strong></span> 
     </span>
     <span class='ocr_line' id='line_1_14' title="bbox 39 1638 924 1718; baseline -0.002 -16"><span class='ocrx_word' id='word_1_112' title='bbox 39 1713 41 1718; x_wconf 23' lang='grc' dir='ltr'>Ι</span> <span class='ocrx_word' id='word_1_113' title='bbox 78 1641 209 1702; x_wconf 74' lang='lat' dir='ltr'><strong>Scortari</strong></span> <span class='ocrx_word' id='word_1_114' title='bbox 224 1639 330 1699; x_wconf 84' lang='lat' dir='ltr'>erebrd</span> <span class='ocrx_word' id='word_1_115' title='bbox 345 1641 447 1700; x_wconf 92' lang='lat' dir='ltr'><strong>uolunt</strong></span> <span class='ocrx_word' id='word_1_116' title='bbox 459 1659 467 1708; x_wconf 87' lang='lat'><strong>;</strong></span> <span class='ocrx_word' id='word_1_117' title='bbox 481 1639 586 1698; x_wconf 91' lang='lat' dir='ltr'><strong>nolunt</strong></span> <span class='ocrx_word' id='word_1_118' title='bbox 601 1638 706 1700; x_wconf 76' lang='lat' dir='ltr'>crebro</span> <span class='ocrx_word' id='word_1_119' title='bbox 722 1640 924 1700; x_wconf 79' lang='lat' dir='ltr'><strong>convivarier:</strong></span> 
     </span>
     <span class='ocr_line' id='line_1_15' title="bbox 16 1719 1083 1813; baseline -0.005 -30"><span class='ocrx_word' id='word_1_120' title='bbox 16 1759 35 1797; x_wconf 76' lang='lat' dir='ltr'><strong>n</strong></span> <span class='ocrx_word' id='word_1_121' title='bbox 79 1723 220 1782; x_wconf 64' lang='lat' dir='ltr'><strong>Praebent</strong></span> <span class='ocrx_word' id='word_1_122' title='bbox 235 1720 339 1813; x_wconf 76' lang='lat' dir='ltr'>exigue</span> <span class='ocrx_word' id='word_1_123' title='bbox 354 1729 502 1779; x_wconf 83' lang='lat' dir='ltr'><strong>sumtum:</strong></span> <span class='ocrx_word' id='word_1_124' title='bbox 524 1727 613 1798; x_wconf 82' lang='lat' dir='ltr'>etque</span> <span class='ocrx_word' id='word_1_125' title='bbox 623 1720 689 1779; x_wconf 86' lang='lat' dir='ltr'><strong>haeo</strong></span> <span class='ocrx_word' id='word_1_126' title='bbox 701 1730 769 1779; x_wconf 80' lang='lat' dir='ltr'><strong>eunt</strong></span> <span class='ocrx_word' id='word_1_127' title='bbox 782 1730 878 1780; x_wconf 86' lang='lat' dir='ltr'><strong>tumeo</strong></span> <span class='ocrx_word' id='word_1_128' title='bbox 892 1719 929 1779; x_wconf 82' lang='lat' dir='ltr'><strong>ud</strong></span> <span class='ocrx_word' id='word_1_129' title='bbox 947 1719 1083 1779; x_wconf 86' lang='lat' dir='ltr'><strong>virtutem</strong></span> 
     </span>
     <span class='ocr_line' id='line_1_16' title="bbox 14 1819 967 1970; baseline -0.002 -29"><span class='ocrx_word' id='word_1_130' title='bbox 14 1919 33 1970; x_wconf 74' lang='lat' dir='ltr'><strong>lt</strong></span> <span class='ocrx_word' id='word_1_131' title='bbox 71 1873 196 1941; x_wconf 50' lang='lat' dir='ltr'>&#39;verbm</span> <span class='ocrx_word' id='word_1_132' title='bbox 207 1819 392 1940; x_wconf 62' lang='lat' dir='ltr'><strong>libiladimus</strong></span> <span class='ocrx_word' id='word_1_133' title='bbox 407 1879 495 1938; x_wconf 85' lang='lat' dir='ltr'>semel</span> <span class='ocrx_word' id='word_1_134' title='bbox 510 1897 540 1938; x_wconf 78' lang='lat' dir='ltr'><strong>oe</strong></span> <span class='ocrx_word' id='word_1_135' title='bbox 555 1878 718 1956; x_wconf 82' lang='lat' dir='ltr'><strong>eupiditate</strong></span> <span class='ocrx_word' id='word_1_136' title='bbox 736 1878 866 1938; x_wconf 83' lang='lat' dir='ltr'><strong>devinxit</strong></span> <span class='ocrx_word' id='word_1_137' title='bbox 880 1879 967 1952; x_wconf 78' lang='lat' dir='ltr'><strong>ruald,</strong></span> 
     </span>
     <span class='ocr_line' id='line_1_17' title="bbox 14 1959 1068 2037; baseline -0.002 -15"><span class='ocrx_word' id='word_1_138' title='bbox 14 1973 15 1980; x_wconf 76' lang='grc'>’</span> <span class='ocrx_word' id='word_1_139' title='bbox 77 1963 215 2023; x_wconf 79' lang='lat' dir='ltr'>Necesse</span> <span class='ocrx_word' id='word_1_140' title='bbox 229 1971 285 2031; x_wconf 80' lang='lat' dir='ltr'>est,</span> <span class='ocrx_word' id='word_1_141' title='bbox 301 1960 446 2037; x_wconf 81' lang='lat' dir='ltr'><strong>Clitipho,</strong></span> <span class='ocrx_word' id='word_1_142' title='bbox 461 1959 584 2018; x_wconf 79' lang='lat' dir='ltr'><strong>consiliu</strong></span> <span class='ocrx_word' id='word_1_143' title='bbox 599 1959 741 2036; x_wconf 82' lang='lat' dir='ltr'><strong>consequi</strong></span> <span class='ocrx_word' id='word_1_144' title='bbox 755 1959 935 2018; x_wconf 77' lang='lat' dir='ltr'><strong>consimilia:</strong></span> <span class='ocrx_word' id='word_1_145' title='bbox 958 1962 1015 2020; x_wconf 85' lang='lat' dir='ltr'><strong>hoo</strong></span> <span class='ocrx_word' id='word_1_146' title='bbox 1064 1969 1068 1976; x_wconf 92' lang='lat'>&#39;</span> 
     </span>
     <span class='ocr_line' id='line_1_18' title="bbox 14 2039 1089 2120; baseline 0 -20"><span class='ocrx_word' id='word_1_147' title='bbox 14 2081 30 2120; x_wconf 86' lang='lat' dir='ltr'><strong>o.</strong></span> <span class='ocrx_word' id='word_1_148' title='bbox 81 2042 199 2109; x_wconf 81' lang='lat' dir='ltr'><strong>Scitum</strong></span> <span class='ocrx_word' id='word_1_149' title='bbox 213 2049 277 2108; x_wconf 61' lang='lat' dir='ltr'><strong>esu</strong></span> <span class='ocrx_word' id='word_1_150' title='bbox 299 2039 460 2118; x_wconf 84' lang='lat' dir='ltr'><strong>periculum</strong></span> <span class='ocrx_word' id='word_1_151' title='bbox 476 2059 512 2097; x_wconf 83' lang='lat' dir='ltr'>ex</span> <span class='ocrx_word' id='word_1_152' title='bbox 533 2039 596 2098; x_wconf 84' lang='lat' dir='ltr'><strong>aliis</strong></span> <span class='ocrx_word' id='word_1_153' title='bbox 616 2039 723 2108; x_wconf 82' lang='lat' dir='ltr'>facere,</span> <span class='ocrx_word' id='word_1_154' title='bbox 738 2039 794 2099; x_wconf 87' lang='lat' dir='ltr'><strong>tibi</strong></span> <span class='ocrx_word' id='word_1_155' title='bbox 808 2039 889 2116; x_wconf 87' lang='lat' dir='ltr'><strong>quod</strong></span> <span class='ocrx_word' id='word_1_156' title='bbox 903 2059 939 2096; x_wconf 81' lang='lat' dir='ltr'>ex</span> <span class='ocrx_word' id='word_1_157' title='bbox 953 2057 1006 2100; x_wconf 83' lang='lat' dir='ltr'><strong>usu</strong></span> <span class='ocrx_word' id='word_1_158' title='bbox 1016 2039 1089 2100; x_wconf 74' lang='lat' dir='ltr'><strong>siet.</strong></span> 
     </span>
     <span class='ocr_line' id='line_1_19' title="bbox 14 2119 1089 2200; baseline -0.003 -19"><span class='ocrx_word' id='word_1_159' title='bbox 14 2152 29 2200; x_wconf 79' lang='lat' dir='ltr'><strong>n</strong></span> <span class='ocrx_word' id='word_1_160' title='bbox 86 2121 134 2181; x_wconf 88' lang='lat' dir='ltr'><strong>Cl.</strong></span> <span class='ocrx_word' id='word_1_161' title='bbox 156 2121 202 2178; x_wconf 84' lang='lat' dir='ltr'><strong>lta</strong></span> <span class='ocrx_word' id='word_1_162' title='bbox 220 2119 323 2179; x_wconf 84' lang='lat' dir='ltr'><strong>credo.</strong></span> <span class='ocrx_word' id='word_1_163' title='bbox 366 2120 419 2179; x_wconf 77' lang='lat' dir='ltr'><strong>Clu.</strong></span> <span class='ocrx_word' id='word_1_164' title='bbox 442 2119 505 2198; x_wconf 86' lang='lat' dir='ltr'><strong>Ego</strong></span> <span class='ocrx_word' id='word_1_165' title='bbox 530 2119 580 2180; x_wconf 89' lang='lat' dir='ltr'><strong>ibo</strong></span> <span class='ocrx_word' id='word_1_166' title='bbox 604 2119 672 2180; x_wconf 83' lang='lat' dir='ltr'><strong>hino</strong></span> <span class='ocrx_word' id='word_1_167' title='bbox 695 2119 782 2188; x_wconf 75' lang='lat' dir='ltr'><strong>intro,</strong></span> <span class='ocrx_word' id='word_1_168' title='bbox 809 2123 844 2178; x_wconf 89' lang='lat' dir='ltr'><strong>ut</strong></span> <span class='ocrx_word' id='word_1_169' title='bbox 864 2119 980 2178; x_wconf 81' lang='lat' dir='ltr'>videam</span> <span class='ocrx_word' id='word_1_170' title='bbox 1003 2121 1089 2182; x_wconf 80' lang='lat' dir='ltr'><strong>nobie</strong></span> 
     </span>
     <span class='ocr_line' id='line_1_20' title="bbox 16 2200 545 2280; baseline -0.008 -21"><span class='ocrx_word' id='word_1_171' title='bbox 16 2234 21 2280; x_wconf 72' lang='lat'><em>1</em></span> <span class='ocrx_word' id='word_1_172' title='bbox 209 2200 278 2278; x_wconf 86' lang='lat' dir='ltr'><strong>quid</strong></span> <span class='ocrx_word' id='word_1_173' title='bbox 293 2219 385 2258; x_wconf 81' lang='lat' dir='ltr'><strong>coeuae</strong></span> <span class='ocrx_word' id='word_1_174' title='bbox 400 2200 465 2260; x_wconf 84' lang='lat' dir='ltr'><strong>siet.</strong></span> <span class='ocrx_word' id='word_1_175' title='bbox 542 2261 545 2268; x_wconf 88' lang='lat'><em>.</em></span> 
     </span>
     <span class='ocr_line' id='line_1_21' title="bbox 81 2274 1067 2358; baseline -0.002 -18"><span class='ocrx_word' id='word_1_176' title='bbox 81 2281 145 2350; x_wconf 84' lang='lat' dir='ltr'><strong>Tu,</strong></span> <span class='ocrx_word' id='word_1_177' title='bbox 161 2286 194 2339; x_wconf 93' lang='lat' dir='ltr'><strong>ut</strong></span> <span class='ocrx_word' id='word_1_178' title='bbox 208 2289 325 2358; x_wconf 78' lang='lat' dir='ltr'>tempus</span> <span class='ocrx_word' id='word_1_179' title='bbox 340 2289 386 2339; x_wconf 83' lang='lat' dir='ltr'><strong>est</strong></span> <span class='ocrx_word' id='word_1_180' title='bbox 399 2279 468 2349; x_wconf 87' lang='lat' dir='ltr'><strong>diei,</strong></span> <span class='ocrx_word' id='word_1_181' title='bbox 481 2277 546 2338; x_wconf 84' lang='lat' dir='ltr'><strong>vide</strong></span> <span class='ocrx_word' id='word_1_182' title='bbox 561 2274 610 2348; x_wconf 78' lang='lat' dir='ltr'><strong>sie,</strong></span> <span class='ocrx_word' id='word_1_183' title='bbox 624 2297 662 2338; x_wconf 91' lang='lat' dir='ltr'><strong>oe</strong></span> <span class='ocrx_word' id='word_1_184' title='bbox 677 2279 739 2355; x_wconf 82' lang='lat' dir='ltr'><strong>qud</strong></span> <span class='ocrx_word' id='word_1_185' title='bbox 754 2279 822 2338; x_wconf 86' lang='lat' dir='ltr'><strong>bino</strong></span> <span class='ocrx_word' id='word_1_186' title='bbox 836 2279 927 2339; x_wconf 72' lang='lat' dir='ltr'>abeas</span> <span class='ocrx_word' id='word_1_187' title='bbox 941 2277 1067 2356; x_wconf 74' lang='lat' dir='ltr'><strong>longius.</strong></span> 
     </span>
    </p>
   </div>
   <div class='ocr_carea' id='block_1_3' title="bbox 375 2498 805 2583">
    <p class='ocr_par' dir='ltr' id='par_1_3' title="bbox 375 2498 805 2583">
     <span class='ocr_line' id='line_1_22' title="bbox 375 2498 805 2583; baseline -0.005 -1"><span class='ocrx_word' id='word_1_188' title='bbox 375 2498 511 2582; x_wconf 78' lang='lat' dir='ltr'><strong>nouos</strong></span> <span class='ocrx_word' id='word_1_189' title='bbox 538 2521 578 2583; x_wconf 90' lang='lat'><strong>11.</strong></span> <span class='ocrx_word' id='word_1_190' title='bbox 621 2519 754 2582; x_wconf 77' lang='lat' dir='ltr'><strong>scnun</strong></span> <span class='ocrx_word' id='word_1_191' title='bbox 781 2521 805 2580; x_wconf 86' lang='lat'><strong>1.</strong></span> 
     </span>
    </p>
   </div>
   <div class='ocr_carea' id='block_1_4' title="bbox 496 2689 688 2748">
    <p class='ocr_par' dir='ltr' id='par_1_4' title="bbox 496 2689 688 2748">
     <span class='ocr_line' id='line_1_23' title="bbox 496 2689 688 2748; baseline -0.01 0"><span class='ocrx_word' id='word_1_192' title='bbox 496 2689 688 2748; x_wconf 75' lang='lat' dir='ltr'><strong>Co1n1en&#39;o.</strong></span> 
     </span>
    </p>
   </div>
   <div class='ocr_carea' id='block_1_5' title="bbox 17 2841 1091 3650">
    <p class='ocr_par' dir='ltr' id='par_1_5' title="bbox 17 2841 1091 3650">
     <span class='ocr_line' id='line_1_24' title="bbox 25 2841 1048 2943; baseline -0.007 -34"><span class='ocrx_word' id='word_1_193' title='bbox 25 2907 28 2943; x_wconf 43' lang='grc'>1</span> <span class='ocrx_word' id='word_1_194' title='bbox 89 2852 202 2920; x_wconf 80' lang='lat' dir='ltr'><strong>QUAM</strong></span> <span class='ocrx_word' id='word_1_195' title='bbox 216 2847 308 2929; x_wconf 86' lang='lat' dir='ltr'><strong>iniqui</strong></span> <span class='ocrx_word' id='word_1_196' title='bbox 324 2858 388 2908; x_wconf 84' lang='lat' dir='ltr'><strong>sunt</strong></span> <span class='ocrx_word' id='word_1_197' title='bbox 401 2854 500 2926; x_wconf 85' lang='lat' dir='ltr'><strong>putres</strong></span> <span class='ocrx_word' id='word_1_198' title='bbox 514 2848 543 2906; x_wconf 94' lang='lat' dir='ltr'><strong>in</strong></span> <span class='ocrx_word' id='word_1_199' title='bbox 559 2865 660 2931; x_wconf 83' lang='lat' dir='ltr'><strong>omnes</strong></span> <span class='ocrx_word' id='word_1_200' title='bbox 675 2845 878 2918; x_wconf 81' lang='lat' dir='ltr'><strong>adolescentes</strong></span> <span class='ocrx_word' id='word_1_201' title='bbox 885 2843 1018 2920; x_wconf 82' lang='lat' dir='ltr'><strong>judiees!</strong></span> <span class='ocrx_word' id='word_1_202' title='bbox 1044 2841 1048 2850; x_wconf 84' lang='lat'>&#39;</span> 
     </span>
     <span class='ocr_line' id='line_1_25' title="bbox 23 2923 1088 3007; baseline -0.009 -17"><span class='ocrx_word' id='word_1_203' title='bbox 23 2949 26 2999; x_wconf 56' lang='grc' dir='ltr'><strong>ι</strong></span> <span class='ocrx_word' id='word_1_204' title='bbox 88 2931 150 2999; x_wconf 84' lang='lat' dir='ltr'><strong>Qui</strong></span> <span class='ocrx_word' id='word_1_205' title='bbox 164 2949 282 3007; x_wconf 87' lang='lat' dir='ltr'><strong>aequum</strong></span> <span class='ocrx_word' id='word_1_206' title='bbox 297 2949 361 2989; x_wconf 84' lang='lat' dir='ltr'>esse</span> <span class='ocrx_word' id='word_1_207' title='bbox 377 2937 508 2999; x_wconf 83' lang='lat' dir='ltr'><strong>censent,</strong></span> <span class='ocrx_word' id='word_1_208' title='bbox 524 2945 576 2985; x_wconf 86' lang='lat' dir='ltr'><strong>nos</strong></span> <span class='ocrx_word' id='word_1_209' title='bbox 585 2927 650 3004; x_wconf 85' lang='lat' dir='ltr'><strong>jam</strong></span> <span class='ocrx_word' id='word_1_210' title='bbox 664 2945 681 2984; x_wconf 85' lang='lat' dir='ltr'>a</span> <span class='ocrx_word' id='word_1_211' title='bbox 696 2925 792 3002; x_wconf 86' lang='lat' dir='ltr'><strong>pueris</strong></span> <span class='ocrx_word' id='word_1_212' title='bbox 807 2925 875 2982; x_wconf 90' lang='lat' dir='ltr'><strong>ilico</strong></span> <span class='ocrx_word' id='word_1_213' title='bbox 891 2923 972 2981; x_wconf 81' lang='lat' dir='ltr'><strong>nasci</strong></span> <span class='ocrx_word' id='word_1_214' title='bbox 986 2941 1088 2990; x_wconf 78' lang='lat' dir='ltr'>seues3</span> 
     </span>
     <span class='ocr_line' id='line_1_26' title="bbox 22 3003 1024 3090; baseline -0.003 -21"><span class='ocrx_word' id='word_1_215' title='bbox 22 3015 25 3031; x_wconf 75' lang='grc'><strong>’“</strong></span> <span class='ocrx_word' id='word_1_216' title='bbox 86 3011 197 3090; x_wconf 87' lang='lat' dir='ltr'>Neque</span> <span class='ocrx_word' id='word_1_217' title='bbox 213 3009 326 3069; x_wconf 79' lang='lat' dir='ltr'><strong>illarum</strong></span> <span class='ocrx_word' id='word_1_218' title='bbox 343 3009 444 3070; x_wconf 79' lang='lat' dir='ltr'>affines</span> <span class='ocrx_word' id='word_1_219' title='bbox 459 3027 523 3068; x_wconf 85' lang='lat' dir='ltr'>esse</span> <span class='ocrx_word' id='word_1_220' title='bbox 537 3026 644 3075; x_wconf 84' lang='lat' dir='ltr'>rerum,</span> <span class='ocrx_word' id='word_1_221' title='bbox 659 3025 731 3082; x_wconf 83' lang='lat' dir='ltr'><strong>quoe</strong></span> <span class='ocrx_word' id='word_1_222' title='bbox 744 3003 803 3064; x_wconf 83' lang='lat' dir='ltr'><strong>lert</strong></span> <span class='ocrx_word' id='word_1_223' title='bbox 816 3003 1024 3066; x_wconf 82' lang='lat' dir='ltr'><strong>adolescentia.</strong></span> 
     </span>
     <span class='ocr_line' id='line_1_27' title="bbox 89 3082 1090 3162; baseline -0.004 -13"><span class='ocrx_word' id='word_1_224' title='bbox 89 3092 133 3150; x_wconf 81' lang='lat' dir='ltr'><strong>Ex</strong></span> <span class='ocrx_word' id='word_1_225' title='bbox 150 3091 204 3149; x_wconf 80' lang='lat' dir='ltr'><strong>sud</strong></span> <span class='ocrx_word' id='word_1_226' title='bbox 215 3091 335 3150; x_wconf 87' lang='lat' dir='ltr'><strong>libidine</strong></span> <span class='ocrx_word' id='word_1_227' title='bbox 350 3089 549 3159; x_wconf 81' lang='lat' dir='ltr'><strong>moderantur,</strong></span> <span class='ocrx_word' id='word_1_228' title='bbox 559 3105 638 3144; x_wconf 87' lang='lat' dir='ltr'><strong>nuno</strong></span> <span class='ocrx_word' id='word_1_229' title='bbox 653 3095 784 3162; x_wconf 80' lang='lat' dir='ltr'>quaeeet,</span> <span class='ocrx_word' id='word_1_230' title='bbox 797 3104 854 3144; x_wconf 90' lang='lat' dir='ltr'><strong>nou</strong></span> <span class='ocrx_word' id='word_1_231' title='bbox 865 3103 931 3162; x_wconf 80' lang='lat' dir='ltr'><strong>quae</strong></span> <span class='ocrx_word' id='word_1_232' title='bbox 944 3083 1014 3144; x_wconf 86' lang='lat' dir='ltr'><strong>olim</strong></span> <span class='ocrx_word' id='word_1_233' title='bbox 1025 3082 1090 3145; x_wconf 85' lang='lat' dir='ltr'><strong>fuit.</strong></span> 
     </span>
     <span class='ocr_line' id='line_1_28' title="bbox 17 3165 1049 3249; baseline -0.006 -19"><span class='ocrx_word' id='word_1_234' title='bbox 17 3169 18 3173; x_wconf 62' lang='grc'>’</span> <span class='ocrx_word' id='word_1_235' title='bbox 90 3171 169 3229; x_wconf 87' lang='lat' dir='ltr'><strong>Mihi</strong></span> <span class='ocrx_word' id='word_1_236' title='bbox 184 3171 209 3229; x_wconf 85' lang='lat' dir='ltr'><strong>ei</strong></span> <span class='ocrx_word' id='word_1_237' title='bbox 225 3189 355 3249; x_wconf 86' lang='lat' dir='ltr'><strong>uuquam</strong></span> <span class='ocrx_word' id='word_1_238' title='bbox 370 3169 526 3239; x_wconf 68' lang='lat' dir='ltr'><strong>illuserit,</strong></span> <span class='ocrx_word' id='word_1_239' title='bbox 542 3187 598 3238; x_wconf 83' lang='lat' dir='ltr'><strong>nae,</strong></span> <span class='ocrx_word' id='word_1_240' title='bbox 614 3167 661 3224; x_wconf 87' lang='lat' dir='ltr'><strong>ille</strong></span> <span class='ocrx_word' id='word_1_241' title='bbox 674 3165 755 3223; x_wconf 78' lang='lat' dir='ltr'><strong>faciti</strong></span> <span class='ocrx_word' id='word_1_242' title='bbox 770 3183 815 3224; x_wconf 86' lang='lat' dir='ltr'>me</span> <span class='ocrx_word' id='word_1_243' title='bbox 831 3175 929 3224; x_wconf 83' lang='lat' dir='ltr'><strong>utetur</strong></span> <span class='ocrx_word' id='word_1_244' title='bbox 943 3173 1049 3242; x_wconf 86' lang='lat' dir='ltr'><strong>putre;</strong></span> 
     </span>
     <span class='ocr_line' id='line_1_29' title="bbox 90 3245 1039 3331; baseline -0.005 -21"><span class='ocrx_word' id='word_1_245' title='bbox 90 3251 170 3310; x_wconf 82' lang='lat' dir='ltr'><strong>Nam</strong></span> <span class='ocrx_word' id='word_1_246' title='bbox 187 3260 215 3309; x_wconf 89' lang='lat' dir='ltr'><strong>et</strong></span> <span class='ocrx_word' id='word_1_247' title='bbox 230 3252 428 3331; x_wconf 78' lang='lat' dir='ltr'><strong>cognoscendi</strong></span> <span class='ocrx_word' id='word_1_248' title='bbox 443 3259 473 3309; x_wconf 89' lang='lat' dir='ltr'><strong>et</strong></span> <span class='ocrx_word' id='word_1_249' title='bbox 488 3247 660 3328; x_wconf 81' lang='lat' dir='ltr'><strong>ignoscendi</strong></span> <span class='ocrx_word' id='word_1_250' title='bbox 674 3245 792 3307; x_wconf 86' lang='lat' dir='ltr'><strong>dabitur</strong></span> <span class='ocrx_word' id='word_1_251' title='bbox 806 3245 923 3323; x_wconf 82' lang='lat' dir='ltr'>peccati</span> <span class='ocrx_word' id='word_1_252' title='bbox 937 3245 1039 3313; x_wconf 77' lang='lat' dir='ltr'><strong>locus:</strong></span> 
     </span>
     <span class='ocr_line' id='line_1_30' title="bbox 56 3326 1071 3408; baseline -0.007 -20"><span class='ocrx_word' id='word_1_253' title='bbox 56 3389 61 3396; x_wconf 77' lang='grc'><strong>,</strong></span> <span class='ocrx_word' id='word_1_254' title='bbox 89 3329 159 3389; x_wconf 81' lang='lat' dir='ltr'><strong>Non&#39;</strong></span> <span class='ocrx_word' id='word_1_255' title='bbox 176 3339 209 3390; x_wconf 90' lang='lat' dir='ltr'><strong>ut</strong></span> <span class='ocrx_word' id='word_1_256' title='bbox 223 3349 315 3402; x_wconf 81' lang='lat' dir='ltr'>meus,</span> <span class='ocrx_word' id='word_1_257' title='bbox 331 3330 382 3406; x_wconf 76' lang='lat' dir='ltr'><strong>qui</strong></span> <span class='ocrx_word' id='word_1_258' title='bbox 397 3330 465 3388; x_wconf 86' lang='lat' dir='ltr'><strong>mibi</strong></span> <span class='ocrx_word' id='word_1_259' title='bbox 478 3349 532 3408; x_wconf 80' lang='lat' dir='ltr'>per</span> <span class='ocrx_word' id='word_1_260' title='bbox 546 3329 633 3388; x_wconf 79' lang='lat' dir='ltr'><strong>ulium</strong></span> <span class='ocrx_word' id='word_1_261' title='bbox 648 3327 777 3386; x_wconf 83' lang='lat' dir='ltr'><strong>ostendit</strong></span> <span class='ocrx_word' id='word_1_262' title='bbox 791 3343 870 3384; x_wconf 85' lang='lat' dir='ltr'><strong>suam</strong></span> <span class='ocrx_word' id='word_1_263' title='bbox 886 3326 1071 3386; x_wconf 82' lang='lat' dir='ltr'><strong>sententiam.</strong></span> 
     </span>
     <span class='ocr_line' id='line_1_31' title="bbox 91 3403 1091 3488; baseline -0.006 -20"><span class='ocrx_word' id='word_1_264' title='bbox 91 3411 168 3470; x_wconf 87' lang='lat' dir='ltr'><strong>Perii</strong></span> <span class='ocrx_word' id='word_1_265' title='bbox 181 3413 189 3472; x_wconf 85' lang='lat' dir='ltr'><strong>l</strong></span> <span class='ocrx_word' id='word_1_266' title='bbox 214 3410 237 3468; x_wconf 80' lang='lat' dir='ltr'><strong>is</strong></span> <span class='ocrx_word' id='word_1_267' title='bbox 253 3411 333 3481; x_wconf 86' lang='lat' dir='ltr'><strong>mibi,</strong></span> <span class='ocrx_word' id='word_1_268' title='bbox 347 3411 398 3469; x_wconf 91' lang='lat' dir='ltr'><strong>ubi</strong></span> <span class='ocrx_word' id='word_1_269' title='bbox 412 3409 528 3469; x_wconf 87' lang='lat' dir='ltr'><strong>adbibit</strong></span> <span class='ocrx_word' id='word_1_270' title='bbox 542 3410 607 3488; x_wconf 87' lang='lat' dir='ltr'><strong>plus</strong></span> <span class='ocrx_word' id='word_1_271' title='bbox 627 3406 737 3486; x_wconf 82' lang='lat' dir='ltr'><strong>paullo,</strong></span> <span class='ocrx_word' id='word_1_272' title='bbox 760 3427 813 3466; x_wconf 80' lang='lat' dir='ltr'><strong>suu</strong></span> <span class='ocrx_word' id='word_1_273' title='bbox 826 3415 1004 3484; x_wconf 80' lang='lat' dir='ltr'><strong>quaeuutrat</strong></span> <span class='ocrx_word' id='word_1_274' title='bbox 1019 3403 1091 3464; x_wconf 85' lang='lat' dir='ltr'><strong>fnci·</strong></span> 
     </span>
     <span class='ocr_line' id='line_1_32' title="bbox 215 3491 849 3550; baseline 0.003 -2"><span class='ocrx_word' id='word_1_275' title='bbox 215 3491 306 3550; x_wconf 81' lang='lat' dir='ltr'><strong>notul</strong></span> <span class='ocrx_word' id='word_1_276' title='bbox 847 3546 849 3550; x_wconf 79' lang='grc'>,</span> 
     </span>
     <span class='ocr_line' id='line_1_33' title="bbox 90 3563 1056 3650; baseline -0.003 -23"><span class='ocrx_word' id='word_1_277' title='bbox 90 3567 180 3630; x_wconf 86' lang='lat' dir='ltr'><strong>Nunc</strong></span> <span class='ocrx_word' id='word_1_278' title='bbox 196 3571 247 3642; x_wconf 81' lang='lat' dir='ltr'><strong>nit,</strong></span> <span class='ocrx_word' id='word_1_279' title='bbox 262 3570 423 3650; x_wconf 86' lang='lat' dir='ltr'><strong>periculum</strong></span> <span class='ocrx_word' id='word_1_280' title='bbox 435 3589 470 3630; x_wconf 79' lang='lat' dir='ltr'>ex</span> <span class='ocrx_word' id='word_1_281' title='bbox 485 3569 550 3630; x_wconf 77' lang='lat' dir='ltr'><strong>aliis</strong></span> <span class='ocrx_word' id='word_1_282' title='bbox 563 3567 665 3642; x_wconf 80' lang='lat' dir='ltr'><strong>facitu,</strong></span> <span class='ocrx_word' id='word_1_283' title='bbox 680 3565 734 3628; x_wconf 90' lang='lat' dir='ltr'><strong>tibi</strong></span> <span class='ocrx_word' id='word_1_284' title='bbox 745 3567 828 3646; x_wconf 78' lang='lat' dir='ltr'><strong>&#39;quod</strong></span> <span class='ocrx_word' id='word_1_285' title='bbox 844 3586 881 3626; x_wconf 81' lang='lat' dir='ltr'>ex</span> <span class='ocrx_word' id='word_1_286' title='bbox 895 3584 950 3625; x_wconf 78' lang='lat' dir='ltr'><strong>usu</strong></span> <span class='ocrx_word' id='word_1_287' title='bbox 963 3563 1037 3624; x_wconf 70' lang='lat' dir='ltr'><strong>siet:</strong></span> <span class='ocrx_word' id='word_1_288' title='bbox 1053 3596 1056 3604; x_wconf 93' lang='lat'>·</span> 
     </span>
    </p>
   </div>
   <div class='ocr_carea' id='block_1_6' title="bbox 0 0 1222 4038">
    <p class='ocr_par' dir='ltr' id='par_1_6' title="bbox 0 0 1222 4038">
     <span class='ocr_line' id='line_1_34' title="bbox 0 0 1222 4038; baseline 0 0"><span class='ocrx_word' id='word_1_289' title='bbox 0 0 1222 4038; x_wconf 95' lang='lat' dir='ltr'><strong> </strong></span> 
     </span>
    </p>
   </div>
  </div>
 </body>
</html>
