2402 4036
329 221 465 284 ucTus
491 222 529 283 V.
571 219 703 284 SCENA
729 221 782 282 lv.
997 229 1055 296 1912

57 377 135 440 Nam
151 393 315 514 numquarpi
331 385 397 436 ante
418 375 497 436 hunc
510 375 588 436 diem
602 373 676 438 meis
689 375 783 436 oculis
797 393 873 458 earu,
890 372 972 455 qndd
985 375 1054 437 nde·

179 475 295 528 uem,v1
317 475 407 516 eram.

57 533 243 596 Perliberalis
258 537 320 596 visa
333 539 381 595 'st.
423 537 512 596 Pam.
539 535 598 594 Dic
621 553 730 595 verum.
771 534 851 596 Boc.
878 535 926 596 ltu
947 532 1056 596 me'Dl

179 624 286 682 ament,
300 615 469 692 Pamphile!

60 693 151 755 Pom.
164 693 222 752 Dic
234 694 314 764 milui,
325 695 426 752 harum
437 712 534 753 rerum
549 691 689 770 numquid
702 690 847 770 dlntijam
858 692 956 770 patrii
975 691 1053 754 Bac.

178 773 270 832 Nihil.
312 773 402 833 Pom.
416 773 522 852 Neque
535 792 610 851 opus
629 783 692 840 estc

58 849 143 912 adeo
157 853 280 912 mutitor
295 853 403 930 placet,
416 871 476 912 non
490 851 552 912 lieri
566 853 624 912 hoc
638 851 750 922 itidem,
763 850 837 912 utin
848 849 1013 923 comoediis,

60 931 169 992 Omnia
183 950 282 990 omnes
296 932 348 991 ubi
362 931 534 992 resciscunt:
549 932 611 1005 hic,
622 951 696 1012 quos
709 951 762 1010 par
773 931 871 991 fuerat
882 933 1051 1002 resciscere,

56 1014 184 1080 Sciunt;
200 1030 276 1088 quos
293 1030 351 1070 nou
365 1021 464 1072 autem
479 1031 596 1091 aequnm
608 1014 647 1072 'st
660 1011 745 1086 scire,
771 1029 867 1091 neque
879 1011 1051 1083 resciscent,

179 1109 274 1168 neque
289 1091 394 1152 scient.

59 1171 134 1232 Bne.
149 1169 244 1230 Immo
257 1170 355 1239 etium,
374 1171 431 1229 hoc
443 1168 495 1250 qul
508 1171 653 1232 occultari
666 1169 780 1230 facilius
792 1169 908 1242 credas,
921 1168 1011 1232 dabo.

59 1250 213 1330 Myrrhine
226 1250 266 1310 ita
279 1249 425 1328 Phidippo
440 1249 524 1323 dixit,
535 1249 724 1328 jurijurando
736 1267 803 1308 meo
1011 1257 1053 1310 80

56 1331 93 1390 Se
114 1329 208 1467 fideg
227 1329 375 1400 habuisse,
395 1339 426 1389 et
446 1339 603 1408 propterea
622 1340 652 1390 te
673 1328 730 1408 sibi
749 1335 919 1408 purgatum.
959 1325 1052 1390 Pam.

231 1410 309 1468 turne
325 1409 375 1480 ἐἲς

58 1427 303 1566 Speroquaphnnc
317 1507 377 1548 rem
393 1507 456 1549 erse
470 1496 636 1548 eventuram
651 1485 739 1547 nobis
752 1503 789 1546 ex
803 1483 958 1546 sententil.

59 1567 139 1627 Pur.
153 1567 240 1638 Here,
253 1567 358 1627 licetne
369 1569 445 1629 scire
456 1588 491 1628 er
503 1577 542 1638 te,
557 1567 645 1626 hodie
656 1565 727 1645 quid
742 1566 790 1638 ait,
802 1566 880 1643 quod
893 1563 951 1624 feci
960 1563 1051 1634 boni;

60 1649 121 1706 Aut
134 1645 206 1724 quid
222 1646 297 1706 istuc
312 1656 368 1716 est,
389 1647 469 1726 quod
490 1667 541 1707 vos
556 1647 662 1728 agitisl
684 1647 773 1706 Pam.
787 1645 857 1705 Non
870 1645 949 1705 licet.
970 1643 1049 1704 Pur.

178 1725 291 1785 Tamen
306 1727 446 1803 suspicor.
818 1787 823 1798 ,

61 1805 159 1882 Egone
175 1806 252 1864 huuc
264 1805 303 1864 ab
319 1807 400 1865 Orco
414 1807 584 1866 mortuuml
611 1823 671 1883 quo
686 1805 799 1883 pantol
831 1803 918 1864 Pom.
933 1801 1050 1876 Nescis,

180 1885 329 1954 Parmeno,

59 1961 209 2031 Quantum
235 1963 322 2022 hodie
340 1963 483 2041 profueris
510 1962 592 2034 mihi,
613 1970 643 2022 et
664 1980 701 2022 ex
727 1961 838 2040 quanta
852 1963 979 2022 aerumnt
999 1981 1051 2022 ex·

179 2043 311 2102 traxeris.

58 2121 139 2182 Par.
153 2121 248 2180 Immo
270 2117 339 2180 rard
359 2121 442 2191 scio:
467 2141 562 2200 neque
583 2121 639 2181 hoc
663 2117 832 2198 imprudens
852 2117 919 2178 leci.
960 2117 1049 2182 Paua

179 2201 242 2278 Ego
254 2199 330 2260 istuc
345 2201 414 2260 satis
428 2201 502 2262 reio.

58 2279 138 2340 Par.
159 2281 206 2417 Ap
234 2279 345 2340 temere
367 2281 528 2360 quidquam
552 2278 760 2338 Parmenonem
780 2284 944 2356 pretereat,
968 2275 1050 2356 quud

193 2359 422 2421 actousussitl
552 2399 557 2408 ·

58 2438 148 2498 Pam.
163 2437 289 2512 Sequere
304 2457 348 2497 me
360 2437 446 2510 intrd,
460 2439 614 2499 Parmeno.
655 2435 733 2496 Par.
748 2436 873 2514 Sequor.
906 2432 1051 2514 Equidem

177 2515 246 2594 plus
260 2515 349 2577 hodie
364 2517 431 2576 boui

55 2595 126 2658 Paci
154 2594 334 2734 indirugm
363 2596 452 2675 quim
480 2597 575 2658 sciens
601 2604 670 2658 ante
691 2594 770 2655 hunc
797 2593 874 2656 diem
901 2603 1050 2674 umquam.

212 2693 248 2734 au
269 2675 329 2736 ital
1011 2683 1052 2737 40
