2404 4038
95 291 135 349 20
503 281 673 346 rubum.

93 435 227 517 Utrique,
242 437 271 498 id
287 457 339 498 oro
354 445 393 508 te,
408 438 437 498 ia
452 457 608 500 commuue
622 447 653 499 ut
668 437 824 508 consulas:

46 554 49 560 ·
92 519 185 587 Quasi
199 519 247 578 ilia
261 527 314 578 tue
328 521 374 590 sit,
392 520 594 597 Pamphilique
614 540 668 596 ego
682 520 735 578 sim
750 527 842 598 pater.

93 594 137 658 St.
160 599 223 658 loro
237 599 278 657 ita
291 599 370 668 volo,
385 602 484 676 itaque
499 600 628 676 postulo,
645 609 677 658 ut
692 597 753 671 fiat,
769 600 915 666 Chreme;

90 677 196 758 Neque
212 679 355 756 postulem
372 681 423 737 abs
439 688 479 749 te,
490 681 545 737 nisi
557 679 621 758 ipsa
631 698 677 738 res
692 679 819 738 moueat.
857 676 910 738 Cb.
925 672 1005 745 Quid
1023 677 1089 736 esti

93 757 137 817 Si.
159 761 213 817 lrae
228 769 296 816 sunt
310 759 383 816 iuter
397 759 566 836 Glycerium
582 769 611 818 et
626 767 756 835 gnatum.
794 755 974 819 Clududio.
1048 764 1090 816 20
1190 781 1191 848 p

92 837 136 898 Si.
159 839 204 896 ita
218 845 344 914 magnae,
361 848 393 897 ut
408 857 523 916 sperem
536 859 624 916 posse
638 838 735 898 avelli.
772 838 823 898 Cb.
840 836 969 896 Fabulae.

93 917 137 978 st.
158 917 296 979 Profecto
310 919 352 976 sic
367 927 421 976 est.
457 919 509 978 crs.
524 920 574 978 Sic
591 919 698 988 hercle,
713 925 746 976 ut
759 917 855 978 dicam
869 915 943 976 tibi:

92 997 263 1058 Amantium
280 998 339 1068 irae,
355 999 461 1056 amoris
476 997 631 1076 integratio
646 997 693 1056 ’st.

94 1071 137 1137 St
153 1077 239 1158 Hem,
255 1078 283 1136 id
300 1087 328 1136 te
343 1097 405 1146 oro,
420 1086 453 1136 ut
466 1087 533 1138 ante
548 1097 657 1148 eamus,
673 1077 743 1136 dum
759 1085 876 1155 tempus
891 1075 988 1146 datur,

93 1157 233 1234 Dumque
246 1157 312 1234 ejus
327 1157 419 1216 libido
433 1157 553 1216 occlusa
568 1158 604 1217 'st
617 1157 820 1216 contumeliis:

91 1236 174 1295 Prius
188 1237 276 1314 quem
292 1238 392 1296 harum
408 1239 525 1308 scelera,
541 1247 570 1296 et
584 1238 721 1296 lacrumae
733 1235 972 1306 corrfiotaedolis,

92 1316 248 1376 Reducunt
262 1317 390 1376 animum
407 1328 550 1394 aegrotum
565 1318 602 1376 ad
615 1316 854 1388 misericordiam,

91 1394 220 1456 Uxorem
234 1397 347 1456 demus.
389 1400 482 1474 Spero
497 1397 710 1456 consuetudine

91 1477 131 1535 Et
145 1476 283 1554 conjugio
298 1478 407 1536 liberati
422 1478 601 1548 devinctum,
617 1477 753 1547 Chreme,

74 1556 169 1628 ,Dein
186 1557 272 1615 facile
286 1577 323 1614 ex
338 1558 394 1614 illis
409 1577 474 1615 sese
487 1575 664 1614 emersurum
681 1557 774 1614 malis.

63 1653 73 1662 ·
92 1637 144 1696 Cb⁴
158 1636 229 1696 Tibi
243 1637 283 1694 ita
298 1636 355 1692 hoc
369 1636 504 1710 videtur:
527 1644 559 1694 at
572 1655 626 1712 ego
643 1655 700 1694 uon
716 1655 802 1714 posse
817 1635 950 1705 arbitror,

89 1717 197 1792 Neque
211 1715 291 1773 ilium
304 1715 378 1772 hauc
393 1715 536 1792 perpetuo
550 1715 668 1786 habere,
685 1735 781 1793 neque
795 1735 841 1774 me
852 1713 978 1794 perpeti.

93 1795 137 1854 Si.
151 1794 211 1862 Qui
225 1794 281 1853 seis
295 1813 363 1871 ergo
377 1795 463 1864 istuc,
480 1795 533 1852 nisi
548 1795 709 1872 periculum
724 1795 849 1855 fecerisi

94 1874 147 1934 Cli.
162 1877 202 1932 At
216 1873 293 1933 istuc
308 1874 468 1950 periculum
483 1875 512 1931 in
528 1875 588 1933 filib
602 1873 674 1946 fieri,
689 1894 775 1952 grave
790 1887 845 1934 est.
889 1925 896 1934 .

94 1953 137 2014 si.
151 1953 268 2031 Nempe
280 1953 504 2012 incommoditas
519 1955 647 2032 denique
662 1957 719 2014 hue
736 1955 829 2014 omnis
842 1952 918 2014 redit
930 1975 939 2024 ς

93 2034 124 2092 Si
137 2033 264 2104 eveniat,
280 2035 358 2110 quod
375 2033 615 2113 Diprohibeant,
630 2035 791 2095 discessio:

92 2117 133 2173 At
148 2113 171 2171 si
186 2114 349 2190 corrigitur,
366 2124 439 2189 quot
454 2115 688 2186 commoditates,
702 2113 780 2173 vide.

91 2191 251 2271 Principio,
267 2193 362 2252 amico
377 2193 467 2252 filium
482 2194 660 2252 restitueris:

90 2271 158 2332 Tibi
171 2293 309 2351 generum
325 2271 451 2343 firmum,
467 2285 497 2332 ot
514 2273 582 2332 filiae
597 2272 723 2332 iuvenies
738 2273 839 2331 virum.

93 2353 146 2414 Ch.
161 2354 241 2422 Quid
255 2352 356 2417 istuci
378 2354 399 2412 si
416 2355 454 2413 ita
468 2355 544 2412 istuc
558 2355 687 2414 animum
701 2351 814 2412 induxti
826 2369 889 2410 esse
903 2350 983 2422 utile,
1046 2361 1105 2424 40,
1190 2385 1191 2390 κ

91 2434 170 2492 ΝοΙο
184 2434 238 2492 tibi
251 2434 339 2492 ullum
355 2436 543 2493 courmodum
557 2435 587 2494 in
604 2453 649 2492 me
661 2435 803 2500 claudier.

92 2511 137 2572 st.
154 2511 262 2570 Merito
278 2522 307 2570 te
320 2531 436 2588 semper
451 2515 578 2572 maxumi
592 2513 660 2581 feci,
676 2515 811 2574 Chreme.
1190 2569 1191 2586 p

93 2591 146 2653 ct.
167 2591 224 2650 Sed
241 2591 312 2668 quid
328 2591 390 2650 aist
423 2593 586 2660 seueras
621 2593 673 2652 ot.
697 2591 757 2659 Qut
780 2590 837 2650 scis
859 2609 909 2650 eos
931 2609 1007 2651 nuuc
1029 2593 1089 2652 dis·
1190 2591 1191 2632 i

213 2671 338 2730 sordere
353 2672 427 2730 iuter
442 2673 495 2731 sei
1190 2685 1191 2700 ¹

92 2753 136 2812 Si.
152 2752 237 2829 Ipsus
251 2751 321 2808 mibi
336 2751 447 2820 Dauos,
461 2751 510 2829 qui
526 2750 705 2825 intimusest
719 2771 820 2812 eorum
830 2751 968 2823 consiliis,
990 2751 1066 2813 dixit
1075 2776 1084 2824 ;

89 2832 165 2890 Etis
181 2831 250 2891 mibi
265 2831 379 2901 suadet,
395 2833 521 2908 nuptias,
536 2841 677 2908 quantum
692 2852 808 2911 queam,
825 2841 859 2890 ut
869 2841 1021 2892 maturem.

90 2912 168 2970 Num
182 2910 413 2981 consuefaceret,
430 2912 588 2970 tilium‘rrisi
603 2911 689 2970 sciret
702 2913 805 2973 eadem
822 2911 886 2973 baec
901 2911 999 2971 vellet

87 2991 168 3052 Tute
191 2992 267 3050 adeo
293 2991 356 3067 jam
386 2993 450 3068 ejus
479 2993 567 3051 verba
594 2991 705 3050 audies.
748 2994 853 3063 Heus,
878 3001 997 3052 evocate
1025 2991 1085 3053 hue
1190 3029 1191 3034 κ

214 3073 343 3131 Davum.
1190 3071 1191 3074 ’

91 3153 191 3228 Atque
204 3169 307 3212 eccum
321 3171 329 3220 ;
351 3149 439 3210 video
453 3151 547 3230 ipsum
562 3151 642 3212 furas
655 3151 744 3213 exire.
