<?xml version="1.0" encoding="UTF-8"?>
<!DOCTYPE html PUBLIC "-//W3C//DTD XHTML 1.0 Transitional//EN"
    "http://www.w3.org/TR/xhtml1/DTD/xhtml1-transitional.dtd">
<html xmlns="http://www.w3.org/1999/xhtml" xml:lang="en" lang="en">
 <head>
  <title>
</title>
<meta http-equiv="Content-Type" content="text/html;charset=utf-8" />
  <meta name='ocr-system' content='tesseract 3.04.00' />
  <meta name='ocr-capabilities' content='ocr_page ocr_carea ocr_par ocr_line ocrx_word'/>
</head>
<body>
  <div class='ocr_page' id='page_1' title='image "./publiiterentiia05teregoog_0020.png"; bbox 0 0 2404 4038; ppageno 0'>
   <div class='ocr_carea' id='block_1_1' title="bbox 389 277 785 344">
    <p class='ocr_par' dir='ltr' id='par_1_1' title="bbox 389 277 785 344">
     <span class='ocr_line' id='line_1_1' title="bbox 389 277 785 344; baseline -0.003 -2"><span class='ocrx_word' id='word_1_1' title='bbox 389 279 517 342; x_wconf 81' lang='lat' dir='ltr'>news</span> <span class='ocrx_word' id='word_1_2' title='bbox 537 279 564 339; x_wconf 90' lang='lat'>1.</span> <span class='ocrx_word' id='word_1_3' title='bbox 605 277 738 344; x_wconf 81' lang='lat' dir='ltr'>SCENA</span> <span class='ocrx_word' id='word_1_4' title='bbox 760 281 785 342; x_wconf 89' lang='grc' dir='ltr'>Ι.</span> 
     </span>
    </p>
   </div>
   <div class='ocr_carea' id='block_1_2' title="bbox 82 431 1090 3602">
    <p class='ocr_par' dir='ltr' id='par_1_2' title="bbox 84 431 892 514">
     <span class='ocr_line' id='line_1_2' title="bbox 84 431 892 514; baseline -0.002 -16"><span class='ocrx_word' id='word_1_5' title='bbox 84 431 132 499; x_wconf 85' lang='lat' dir='ltr'>Si.</span> <span class='ocrx_word' id='word_1_6' title='bbox 156 435 204 498; x_wconf 79' lang='lat' dir='ltr'>sie</span> <span class='ocrx_word' id='word_1_7' title='bbox 219 434 279 496; x_wconf 87' lang='lat' dir='ltr'>vita</span> <span class='ocrx_word' id='word_1_8' title='bbox 291 440 372 496; x_wconf 84' lang='lat' dir='ltr'>erat:</span> <span class='ocrx_word' id='word_1_9' title='bbox 394 434 482 496; x_wconf 77' lang='lat' dir='ltr'>facile</span> <span class='ocrx_word' id='word_1_10' title='bbox 496 436 608 496; x_wconf 88' lang='lat' dir='ltr'>omneis</span> <span class='ocrx_word' id='word_1_11' title='bbox 621 435 749 514; x_wconf 83' lang='lat' dir='ltr'>perferre</span> <span class='ocrx_word' id='word_1_12' title='bbox 763 455 798 496; x_wconf 87' lang='lat' dir='ltr'>ao</span> <span class='ocrx_word' id='word_1_13' title='bbox 812 437 892 514; x_wconf 81' lang='lat' dir='ltr'>pati;</span> 
     </span>
    </p>

    <p class='ocr_par' dir='ltr' id='par_1_3' title="bbox 83 497 859 596">
     <span class='ocr_line' id='line_1_3' title="bbox 83 497 859 596; baseline -0.005 -18"><span class='ocrx_word' id='word_1_14' title='bbox 83 497 164 578; x_wconf 76' lang='lat' dir='ltr'>Cum</span> <span class='ocrx_word' id='word_1_15' title='bbox 178 515 289 594; x_wconf 90' lang='lat' dir='ltr'>quibus</span> <span class='ocrx_word' id='word_1_16' title='bbox 302 521 364 575; x_wconf 88' lang='lat' dir='ltr'>erat</span> <span class='ocrx_word' id='word_1_17' title='bbox 377 534 504 596; x_wconf 90' lang='lat' dir='ltr'>eumque</span> <span class='ocrx_word' id='word_1_18' title='bbox 518 515 588 588; x_wconf 74' lang='lat' dir='ltr'>unzi,</span> <span class='ocrx_word' id='word_1_19' title='bbox 601 515 637 576; x_wconf 88' lang='lat' dir='ltr'>iis</span> <span class='ocrx_word' id='word_1_20' title='bbox 652 535 715 576; x_wconf 87' lang='lat' dir='ltr'>sese</span> <span class='ocrx_word' id='word_1_21' title='bbox 729 515 836 577; x_wconf 77' lang='lat' dir='ltr'>dedere</span> <span class='ocrx_word' id='word_1_22' title='bbox 849 537 859 585; x_wconf 69' lang='grc' dir='ltr'>ς</span> 
     </span>
    </p>

    <p class='ocr_par' dir='ltr' id='par_1_4' title="bbox 82 594 769 673">
     <span class='ocr_line' id='line_1_4' title="bbox 82 594 769 673; baseline -0.003 -17"><span class='ocrx_word' id='word_1_23' title='bbox 82 599 194 656; x_wconf 62' lang='lat' dir='ltr'>&amp;rum</span> <span class='ocrx_word' id='word_1_24' title='bbox 208 595 332 673; x_wconf 88' lang='lat' dir='ltr'>obsequi</span> <span class='ocrx_word' id='word_1_25' title='bbox 347 594 470 665; x_wconf 72' lang='lat' dir='ltr'>studiis:</span> <span class='ocrx_word' id='word_1_26' title='bbox 491 595 630 656; x_wconf 76' lang='lat' dir='ltr'>advorsus</span> <span class='ocrx_word' id='word_1_27' title='bbox 645 595 769 664; x_wconf 73' lang='lat' dir='ltr'>neminie</span> 
     </span>
    </p>

    <p class='ocr_par' dir='ltr' id='par_1_5' title="bbox 82 675 819 754">
     <span class='ocr_line' id='line_1_5' title="bbox 82 675 819 754; baseline -0.003 -18"><span class='ocrx_word' id='word_1_28' title='bbox 82 677 255 754; x_wconf 77' lang='lat' dir='ltr'><strong>Numquam</strong></span> <span class='ocrx_word' id='word_1_29' title='bbox 271 693 445 753; x_wconf 72' lang='lat' dir='ltr'>praeponens</span> <span class='ocrx_word' id='word_1_30' title='bbox 460 695 490 735; x_wconf 91' lang='lat' dir='ltr'>se</span> <span class='ocrx_word' id='word_1_31' title='bbox 504 675 567 735; x_wconf 86' lang='lat' dir='ltr'>illis.</span> <span class='ocrx_word' id='word_1_32' title='bbox 612 677 659 735; x_wconf 91' lang='lat' dir='ltr'>lta</span> <span class='ocrx_word' id='word_1_33' title='bbox 672 675 819 735; x_wconf 68' lang='lat' dir='ltr'>facillume</span> 
     </span>
    </p>

    <p class='ocr_par' dir='ltr' id='par_1_6' title="bbox 82 754 947 834">
     <span class='ocr_line' id='line_1_6' title="bbox 82 754 947 834; baseline -0.005 -18"><span class='ocrx_word' id='word_1_34' title='bbox 82 757 155 816; x_wconf 86' lang='lat' dir='ltr'>Sine</span> <span class='ocrx_word' id='word_1_35' title='bbox 170 755 282 814; x_wconf 80' lang='lat' dir='ltr'>invidit</span> <span class='ocrx_word' id='word_1_36' title='bbox 296 754 413 816; x_wconf 85' lang='lat' dir='ltr'>laudem</span> <span class='ocrx_word' id='word_1_37' title='bbox 427 755 566 827; x_wconf 77' lang='lat' dir='ltr'>invenias,</span> <span class='ocrx_word' id='word_1_38' title='bbox 582 765 612 815; x_wconf 91' lang='lat' dir='ltr'>et</span> <span class='ocrx_word' id='word_1_39' title='bbox 622 755 733 814; x_wconf 82' lang='lat' dir='ltr'>anticos</span> <span class='ocrx_word' id='word_1_40' title='bbox 747 773 845 834; x_wconf 86' lang='lat' dir='ltr'>pares.</span> <span class='ocrx_word' id='word_1_41' title='bbox 944 755 947 762; x_wconf 82' lang='grc'><strong>’</strong></span> 
     </span>
    </p>

    <p class='ocr_par' dir='ltr' id='par_1_7' title="bbox 83 833 1085 993">
     <span class='ocr_line' id='line_1_7' title="bbox 83 833 1085 914; baseline -0.002 -20"><span class='ocrx_word' id='word_1_42' title='bbox 83 836 136 894; x_wconf 87' lang='lat' dir='ltr'>So.</span> <span class='ocrx_word' id='word_1_43' title='bbox 159 835 315 912; x_wconf 75' lang='lat' dir='ltr'><strong>Sapienter</strong></span> <span class='ocrx_word' id='word_1_44' title='bbox 328 835 416 893; x_wconf 84' lang='lat' dir='ltr'>vitam</span> <span class='ocrx_word' id='word_1_45' title='bbox 432 835 579 905; x_wconf 85' lang='lat' dir='ltr'>instituit;</span> <span class='ocrx_word' id='word_1_46' title='bbox 601 853 726 912; x_wconf 85' lang='lat' dir='ltr'>namque</span> <span class='ocrx_word' id='word_1_47' title='bbox 741 833 798 893; x_wconf 87' lang='lat' dir='ltr'>hoo</span> <span class='ocrx_word' id='word_1_48' title='bbox 814 843 946 914; x_wconf 86' lang='lat' dir='ltr'>tempore</span> <span class='ocrx_word' id='word_1_49' title='bbox 1045 841 1085 892; x_wconf 76' lang='lat'>40</span> 
     </span>
     <span class='ocr_line' id='line_1_8' title="bbox 85 913 733 993; baseline 0 -19"><span class='ocrx_word' id='word_1_50' title='bbox 85 915 263 993; x_wconf 72' lang='lat' dir='ltr'><em>Obsequium</em></span> <span class='ocrx_word' id='word_1_51' title='bbox 277 915 394 986; x_wconf 83' lang='lat' dir='ltr'>amieos,</span> <span class='ocrx_word' id='word_1_52' title='bbox 408 917 517 974; x_wconf 80' lang='lat' dir='ltr'>aeritm</span> <span class='ocrx_word' id='word_1_53' title='bbox 529 913 628 975; x_wconf 83' lang='lat' dir='ltr'>odium</span> <span class='ocrx_word' id='word_1_54' title='bbox 635 915 733 993; x_wconf 80' lang='lat' dir='ltr'>parit.</span> 
     </span>
    </p>

    <p class='ocr_par' dir='ltr' id='par_1_8' title="bbox 84 993 852 1072">
     <span class='ocr_line' id='line_1_9' title="bbox 84 993 852 1072; baseline -0.003 -18"><span class='ocrx_word' id='word_1_55' title='bbox 84 994 131 1055; x_wconf 88' lang='lat' dir='ltr'>Si.</span> <span class='ocrx_word' id='word_1_56' title='bbox 151 995 270 1054; x_wconf 78' lang='lat' dir='ltr'>Interea</span> <span class='ocrx_word' id='word_1_57' title='bbox 283 993 387 1053; x_wconf 91' lang='lat' dir='ltr'>mulier</span> <span class='ocrx_word' id='word_1_58' title='bbox 400 995 549 1072; x_wconf 90' lang='lat' dir='ltr'>quaedam,</span> <span class='ocrx_word' id='word_1_59' title='bbox 563 995 673 1055; x_wconf 82' lang='lat' dir='ltr'>abhinc</span> <span class='ocrx_word' id='word_1_60' title='bbox 688 993 852 1064; x_wconf 72' lang='lat' dir='ltr'>triennium,</span> 
     </span>
    </p>

    <p class='ocr_par' dir='ltr' id='par_1_9' title="bbox 82 1073 673 1151">
     <span class='ocr_line' id='line_1_10' title="bbox 82 1073 673 1151; baseline 0.003 -19"><span class='ocrx_word' id='word_1_61' title='bbox 82 1074 127 1132; x_wconf 80' lang='lat' dir='ltr'>Es</span> <span class='ocrx_word' id='word_1_62' title='bbox 142 1073 247 1134; x_wconf 79' lang='lat' dir='ltr'>Andro</span> <span class='ocrx_word' id='word_1_63' title='bbox 260 1073 462 1151; x_wconf 81' lang='lat' dir='ltr'>commigravit</span> <span class='ocrx_word' id='word_1_64' title='bbox 476 1074 534 1134; x_wconf 88' lang='lat' dir='ltr'>buo</span> <span class='ocrx_word' id='word_1_65' title='bbox 549 1073 673 1147; x_wconf 74' lang='lat' dir='ltr'>viciniae,</span> 
     </span>
    </p>

    <p class='ocr_par' dir='ltr' id='par_1_10' title="bbox 82 1151 631 1232">
     <span class='ocr_line' id='line_1_11' title="bbox 82 1151 631 1232; baseline 0.002 -20"><span class='ocrx_word' id='word_1_66' title='bbox 82 1151 191 1231; x_wconf 70' lang='lat' dir='ltr'>Inopia</span> <span class='ocrx_word' id='word_1_67' title='bbox 206 1163 237 1214; x_wconf 88' lang='lat' dir='ltr'>et</span> <span class='ocrx_word' id='word_1_68' title='bbox 249 1161 442 1230; x_wconf 89' lang='lat' dir='ltr'>cognatorum</span> <span class='ocrx_word' id='word_1_69' title='bbox 457 1153 631 1232; x_wconf 73' lang='lat' dir='ltr'>negligentia</span> 
     </span>
    </p>

    <p class='ocr_par' dir='ltr' id='par_1_11' title="bbox 84 1231 807 1312">
     <span class='ocr_line' id='line_1_12' title="bbox 84 1231 807 1312; baseline -0.001 -19"><span class='ocrx_word' id='word_1_70' title='bbox 84 1235 210 1303; x_wconf 89' lang='lat' dir='ltr'>Coacta,</span> <span class='ocrx_word' id='word_1_71' title='bbox 224 1231 342 1312; x_wconf 77' lang='lat' dir='ltr'>egregii</span> <span class='ocrx_word' id='word_1_72' title='bbox 355 1231 463 1303; x_wconf 74' lang='lat' dir='ltr'>fornii,</span> <span class='ocrx_word' id='word_1_73' title='bbox 477 1243 569 1311; x_wconf 89' lang='lat' dir='ltr'>atque</span> <span class='ocrx_word' id='word_1_74' title='bbox 584 1241 670 1293; x_wconf 79' lang='lat' dir='ltr'>aetate</span> <span class='ocrx_word' id='word_1_75' title='bbox 684 1231 807 1312; x_wconf 76' lang='lat' dir='ltr'>integri.</span> 
     </span>
    </p>

    <p class='ocr_par' dir='ltr' id='par_1_12' title="bbox 86 1311 852 1389">
     <span class='ocr_line' id='line_1_13' title="bbox 86 1311 852 1389; baseline -0.003 -17"><span class='ocrx_word' id='word_1_76' title='bbox 86 1311 138 1372; x_wconf 88' lang='lat' dir='ltr'>So.</span> <span class='ocrx_word' id='word_1_77' title='bbox 161 1312 219 1371; x_wconf 86' lang='lat' dir='ltr'>Hei</span> <span class='ocrx_word' id='word_1_78' title='bbox 232 1331 344 1382; x_wconf 84' lang='lat' dir='ltr'>vereor,</span> <span class='ocrx_word' id='word_1_79' title='bbox 357 1329 394 1370; x_wconf 87' lang='lat' dir='ltr'>ne</span> <span class='ocrx_word' id='word_1_80' title='bbox 408 1311 479 1388; x_wconf 91' lang='lat' dir='ltr'>quid</span> <span class='ocrx_word' id='word_1_81' title='bbox 495 1312 607 1372; x_wconf 86' lang='lat' dir='ltr'>Andria</span> <span class='ocrx_word' id='word_1_82' title='bbox 621 1313 759 1389; x_wconf 78' lang='lat' dir='ltr'>adportet</span> <span class='ocrx_word' id='word_1_83' title='bbox 774 1311 852 1372; x_wconf 91' lang='lat' dir='ltr'>mali.</span> 
     </span>
    </p>

    <p class='ocr_par' dir='ltr' id='par_1_13' title="bbox 87 1389 887 1468">
     <span class='ocr_line' id='line_1_14' title="bbox 87 1389 887 1468; baseline -0.001 -17"><span class='ocrx_word' id='word_1_84' title='bbox 87 1391 132 1451; x_wconf 78' lang='lat' dir='ltr'>st.</span> <span class='ocrx_word' id='word_1_85' title='bbox 154 1389 286 1452; x_wconf 79' lang='lat' dir='ltr'>Primum</span> <span class='ocrx_word' id='word_1_86' title='bbox 303 1392 367 1450; x_wconf 85' lang='lat' dir='ltr'>baec</span> <span class='ocrx_word' id='word_1_87' title='bbox 381 1390 491 1468; x_wconf 77' lang='lat' dir='ltr'>pudica</span> <span class='ocrx_word' id='word_1_88' title='bbox 506 1392 607 1462; x_wconf 86' lang='lat' dir='ltr'>vitam,</span> <span class='ocrx_word' id='word_1_89' title='bbox 622 1393 713 1468; x_wconf 71' lang='lat' dir='ltr'>parce</span> <span class='ocrx_word' id='word_1_90' title='bbox 728 1410 763 1451; x_wconf 87' lang='lat' dir='ltr'>ao</span> <span class='ocrx_word' id='word_1_91' title='bbox 777 1391 887 1452; x_wconf 88' lang='lat' dir='ltr'>duriter</span> 
     </span>
    </p>

    <p class='ocr_par' dir='ltr' id='par_1_14' title="bbox 86 1469 737 1550">
     <span class='ocr_line' id='line_1_15' title="bbox 86 1469 737 1550; baseline -0.003 -19"><span class='ocrx_word' id='word_1_92' title='bbox 86 1471 218 1550; x_wconf 78' lang='lat' dir='ltr'>Agebat,</span> <span class='ocrx_word' id='word_1_93' title='bbox 231 1469 300 1530; x_wconf 74' lang='lat' dir='ltr'>land</span> <span class='ocrx_word' id='word_1_94' title='bbox 311 1489 345 1530; x_wconf 89' lang='lat' dir='ltr'>ac</span> <span class='ocrx_word' id='word_1_95' title='bbox 361 1469 419 1528; x_wconf 81' lang='lat' dir='ltr'>tert</span> <span class='ocrx_word' id='word_1_96' title='bbox 435 1469 543 1550; x_wconf 85' lang='lat' dir='ltr'>victum</span> <span class='ocrx_word' id='word_1_97' title='bbox 558 1471 737 1548; x_wconf 71' lang='lat' dir='ltr'>quaeritans:</span> 
     </span>
    </p>

    <p class='ocr_par' dir='ltr' id='par_1_15' title="bbox 86 1547 895 1628">
     <span class='ocr_line' id='line_1_16' title="bbox 86 1547 895 1628; baseline -0.004 -18"><span class='ocrx_word' id='word_1_98' title='bbox 86 1551 146 1610; x_wconf 84' lang='lat' dir='ltr'>Sed</span> <span class='ocrx_word' id='word_1_99' title='bbox 162 1559 321 1628; x_wconf 83' lang='lat' dir='ltr'>postquam</span> <span class='ocrx_word' id='word_1_100' title='bbox 334 1569 437 1609; x_wconf 87' lang='lat' dir='ltr'>amans</span> <span class='ocrx_word' id='word_1_101' title='bbox 451 1548 586 1622; x_wconf 84' lang='lat' dir='ltr'>accessit,</span> <span class='ocrx_word' id='word_1_102' title='bbox 602 1550 726 1628; x_wconf 90' lang='lat' dir='ltr'>pretium</span> <span class='ocrx_word' id='word_1_103' title='bbox 741 1547 895 1628; x_wconf 85' lang='lat' dir='ltr'>pollicens,</span> 
     </span>
    </p>

    <p class='ocr_par' dir='ltr' id='par_1_16' title="bbox 88 1627 1090 1787">
     <span class='ocr_line' id='line_1_17' title="bbox 88 1627 1090 1709; baseline -0.003 -19"><span class='ocrx_word' id='word_1_104' title='bbox 88 1631 182 1702; x_wconf 84' lang='lat' dir='ltr'>Unus,</span> <span class='ocrx_word' id='word_1_105' title='bbox 196 1633 307 1690; x_wconf 91' lang='lat' dir='ltr'>etitem</span> <span class='ocrx_word' id='word_1_106' title='bbox 321 1629 413 1698; x_wconf 79' lang='lat' dir='ltr'>alter3</span> <span class='ocrx_word' id='word_1_107' title='bbox 435 1629 476 1689; x_wconf 90' lang='lat' dir='ltr'>ita</span> <span class='ocrx_word' id='word_1_108' title='bbox 490 1638 523 1689; x_wconf 93' lang='lat' dir='ltr'>ut</span> <span class='ocrx_word' id='word_1_109' title='bbox 540 1629 686 1709; x_wconf 79' lang='lat' dir='ltr'>ingenium</span> <span class='ocrx_word' id='word_1_110' title='bbox 699 1637 744 1688; x_wconf 89' lang='lat' dir='ltr'>est</span> <span class='ocrx_word' id='word_1_111' title='bbox 757 1627 888 1688; x_wconf 87' lang='lat' dir='ltr'>omnium</span> <span class='ocrx_word' id='word_1_112' title='bbox 1051 1634 1090 1688; x_wconf 83' lang='lat'>50</span> 
     </span>
     <span class='ocr_line' id='line_1_18' title="bbox 88 1707 813 1787; baseline -0.003 -18"><span class='ocrx_word' id='word_1_113' title='bbox 88 1710 252 1769; x_wconf 87' lang='lat' dir='ltr'>Hominum</span> <span class='ocrx_word' id='word_1_114' title='bbox 268 1711 307 1768; x_wconf 93' lang='lat' dir='ltr'>ab</span> <span class='ocrx_word' id='word_1_115' title='bbox 320 1710 420 1769; x_wconf 82' lang='lat' dir='ltr'>labore</span> <span class='ocrx_word' id='word_1_116' title='bbox 434 1709 564 1787; x_wconf 84' lang='lat' dir='ltr'>proclive</span> <span class='ocrx_word' id='word_1_117' title='bbox 578 1710 616 1768; x_wconf 88' lang='lat' dir='ltr'>ad</span> <span class='ocrx_word' id='word_1_118' title='bbox 631 1707 813 1780; x_wconf 75' lang='lat' dir='ltr'>lubidinem</span> 
     </span>
    </p>

    <p class='ocr_par' dir='ltr' id='par_1_17' title="bbox 86 1788 896 1868">
     <span class='ocr_line' id='line_1_19' title="bbox 86 1788 896 1868; baseline -0.002 -20"><span class='ocrx_word' id='word_1_119' title='bbox 86 1789 217 1867; x_wconf 82' lang='lat' dir='ltr'>Accepit</span> <span class='ocrx_word' id='word_1_120' title='bbox 230 1789 439 1861; x_wconf 87' lang='lat' dir='ltr'>conditionem,</span> <span class='ocrx_word' id='word_1_121' title='bbox 454 1789 522 1849; x_wconf 90' lang='lat' dir='ltr'>dein</span> <span class='ocrx_word' id='word_1_122' title='bbox 533 1798 682 1868; x_wconf 79' lang='lat' dir='ltr'>quaestum</span> <span class='ocrx_word' id='word_1_123' title='bbox 697 1788 762 1848; x_wconf 88' lang='lat' dir='ltr'>occi</span> <span class='ocrx_word' id='word_1_124' title='bbox 786 1789 819 1848; x_wconf 90' lang='lat' dir='ltr'>it.</span> <span class='ocrx_word' id='word_1_125' title='bbox 892 1846 896 1855; x_wconf 74' lang='grc'><em>,</em></span> 
     </span>
    </p>

    <p class='ocr_par' dir='ltr' id='par_1_18' title="bbox 88 1809 848 1941">
     <span class='ocr_line' id='line_1_20' title="bbox 88 1809 848 1941; baseline -0.004 -12"><span class='ocrx_word' id='word_1_126' title='bbox 88 1870 149 1938; x_wconf 88' lang='lat' dir='ltr'>Qui</span> <span class='ocrx_word' id='word_1_127' title='bbox 163 1879 225 1928; x_wconf 91' lang='lat' dir='ltr'>turn</span> <span class='ocrx_word' id='word_1_128' title='bbox 240 1869 317 1929; x_wconf 87' lang='lat' dir='ltr'>illam</span> <span class='ocrx_word' id='word_1_129' title='bbox 331 1870 478 1941; x_wconf 88' lang='lat' dir='ltr'>amabant,</span> <span class='ocrx_word' id='word_1_130' title='bbox 493 1868 580 1941; x_wconf 71' lang='lat' dir='ltr'>lorti,</span> <span class='ocrx_word' id='word_1_131' title='bbox 594 1870 635 1930; x_wconf 88' lang='lat' dir='ltr'>ita</span> <span class='ocrx_word' id='word_1_132' title='bbox 651 1877 683 1930; x_wconf 92' lang='lat' dir='ltr'>ut</span> <span class='ocrx_word' id='word_1_133' title='bbox 696 1868 740 1940; x_wconf 82' lang='lat' dir='ltr'>tit,</span> <span class='ocrx_word' id='word_1_134' title='bbox 755 1809 848 1928; x_wconf 75' lang='lat' dir='ltr'>tilium</span> 
     </span>
    </p>

    <p class='ocr_par' dir='ltr' id='par_1_19' title="bbox 86 1948 816 2106">
     <span class='ocr_line' id='line_1_21' title="bbox 86 1948 816 2017; baseline -0.001 -9"><span class='ocrx_word' id='word_1_135' title='bbox 86 1948 254 2010; x_wconf 80' lang='lat' dir='ltr'>Perduxere</span> <span class='ocrx_word' id='word_1_136' title='bbox 268 1949 347 2017; x_wconf 88' lang='lat' dir='ltr'>illuc,</span> <span class='ocrx_word' id='word_1_137' title='bbox 365 1969 464 2004; x_wconf 82' lang='lat' dir='ltr'>secum</span> <span class='ocrx_word' id='word_1_138' title='bbox 481 1949 585 2007; x_wconf 77' lang='lat' dir='ltr'>utoni</span> <span class='ocrx_word' id='word_1_139' title='bbox 599 1959 691 2017; x_wconf 80' lang='lat' dir='ltr'>esset,</span> <span class='ocrx_word' id='word_1_140' title='bbox 707 1967 816 2008; x_wconf 88' lang='lat' dir='ltr'>meum.</span> 
     </span>
     <span class='ocr_line' id='line_1_22' title="bbox 86 2025 816 2106; baseline -0.003 -20"><span class='ocrx_word' id='word_1_141' title='bbox 86 2025 361 2106; x_wconf 69' lang='lat' dir='ltr'>Egomet&#39;continub</span> <span class='ocrx_word' id='word_1_142' title='bbox 378 2043 513 2086; x_wconf 85' lang='lat' dir='ltr'>meeum:</span> <span class='ocrx_word' id='word_1_143' title='bbox 535 2027 623 2088; x_wconf 81' lang='lat' dir='ltr'>Certe</span> <span class='ocrx_word' id='word_1_144' title='bbox 639 2034 743 2104; x_wconf 90' lang='lat' dir='ltr'>captus</span> <span class='ocrx_word' id='word_1_145' title='bbox 754 2027 816 2086; x_wconf 89' lang='lat' dir='ltr'>esti</span> 
     </span>
    </p>

    <p class='ocr_par' dir='ltr' id='par_1_20' title="bbox 85 2105 921 2266">
     <span class='ocr_line' id='line_1_23' title="bbox 86 2105 921 2168; baseline -0.002 0"><span class='ocrx_word' id='word_1_146' title='bbox 86 2108 210 2168; x_wconf 77' lang='lat' dir='ltr'>Habeat</span> <span class='ocrx_word' id='word_1_147' title='bbox 232 2105 423 2167; x_wconf 78' lang='lat' dir='ltr'>observabam</span> <span class='ocrx_word' id='word_1_148' title='bbox 439 2105 521 2166; x_wconf 68' lang='lat' dir='ltr'>mane</span> <span class='ocrx_word' id='word_1_149' title='bbox 536 2105 650 2165; x_wconf 89' lang='lat' dir='ltr'>illorum</span> <span class='ocrx_word' id='word_1_150' title='bbox 666 2105 797 2166; x_wconf 86' lang='lat' dir='ltr'>servulos</span> <span class='ocrx_word' id='word_1_151' title='bbox 912 2105 921 2118; x_wconf 91' lang='grc'><em>“</em></span> 
     </span>
     <span class='ocr_line' id='line_1_24' title="bbox 85 2186 870 2266; baseline -0.001 -20"><span class='ocrx_word' id='word_1_152' title='bbox 85 2189 245 2248; x_wconf 85' lang='lat' dir='ltr'>Venientes</span> <span class='ocrx_word' id='word_1_153' title='bbox 258 2193 309 2246; x_wconf 87' lang='lat' dir='ltr'>aut</span> <span class='ocrx_word' id='word_1_154' title='bbox 321 2186 480 2247; x_wconf 86' lang='lat' dir='ltr'>abeuntes:</span> <span class='ocrx_word' id='word_1_155' title='bbox 500 2187 675 2265; x_wconf 89' lang='lat' dir='ltr'>rogitabam,</span> <span class='ocrx_word' id='word_1_156' title='bbox 692 2187 774 2247; x_wconf 87' lang='lat' dir='ltr'>Heus</span> <span class='ocrx_word' id='word_1_157' title='bbox 787 2203 870 2266; x_wconf 92' lang='lat' dir='ltr'>puer,</span> 
     </span>
    </p>

    <p class='ocr_par' dir='ltr' id='par_1_21' title="bbox 85 2262 975 2346">
     <span class='ocr_line' id='line_1_25' title="bbox 85 2262 975 2346; baseline -0.006 -19"><span class='ocrx_word' id='word_1_158' title='bbox 85 2268 147 2328; x_wconf 87' lang='lat' dir='ltr'>Dic</span> <span class='ocrx_word' id='word_1_159' title='bbox 160 2266 259 2338; x_wconf 88' lang='lat' dir='ltr'>sodes,</span> <span class='ocrx_word' id='word_1_160' title='bbox 276 2265 340 2345; x_wconf 87' lang='lat' dir='ltr'>quie</span> <span class='ocrx_word' id='word_1_161' title='bbox 355 2265 417 2326; x_wconf 87' lang='lat' dir='ltr'>heri</span> <span class='ocrx_word' id='word_1_162' title='bbox 432 2265 606 2346; x_wconf 81' lang='lat' dir='ltr'>Chrysidem</span> <span class='ocrx_word' id='word_1_163' title='bbox 621 2267 752 2327; x_wconf 82' lang='lat' dir='ltr'>habuitl</span> <span class='ocrx_word' id='word_1_164' title='bbox 773 2286 840 2326; x_wconf 90' lang='lat' dir='ltr'>nam</span> <span class='ocrx_word' id='word_1_165' title='bbox 856 2262 975 2325; x_wconf 79' lang='lat' dir='ltr'>Andriae</span> 
     </span>
    </p>

    <p class='ocr_par' dir='ltr' id='par_1_22' title="bbox 86 2341 1088 2662">
     <span class='ocr_line' id='line_1_26' title="bbox 86 2341 1087 2408; baseline -0.004 -3"><span class='ocrx_word' id='word_1_166' title='bbox 86 2348 136 2406; x_wconf 91' lang='lat' dir='ltr'>llli</span> <span class='ocrx_word' id='word_1_167' title='bbox 150 2346 180 2406; x_wconf 92' lang='lat' dir='ltr'>id</span> <span class='ocrx_word' id='word_1_168' title='bbox 191 2358 255 2406; x_wconf 90' lang='lat' dir='ltr'>erat</span> <span class='ocrx_word' id='word_1_169' title='bbox 268 2367 386 2406; x_wconf 91' lang='lat' dir='ltr'>nomen.</span> <span class='ocrx_word' id='word_1_170' title='bbox 438 2343 488 2405; x_wconf 84' lang='lat' dir='ltr'>So.</span> <span class='ocrx_word' id='word_1_171' title='bbox 509 2345 618 2408; x_wconf 84' lang='lat' dir='ltr'>Teneo.</span> <span class='ocrx_word' id='word_1_172' title='bbox 662 2346 704 2406; x_wconf 86' lang='lat' dir='ltr'>Si.</span> <span class='ocrx_word' id='word_1_173' title='bbox 729 2346 883 2406; x_wconf 75' lang='lat' dir='ltr'>Plrmdrum</span> <span class='ocrx_word' id='word_1_174' title='bbox 898 2353 949 2404; x_wconf 88' lang='lat' dir='ltr'>aut</span> <span class='ocrx_word' id='word_1_175' title='bbox 963 2341 1087 2403; x_wconf 86' lang='lat' dir='ltr'>Cliniam</span> 
     </span>
     <span class='ocr_line' id='line_1_27' title="bbox 86 2421 1088 2498; baseline -0.005 -12"><span class='ocrx_word' id='word_1_176' title='bbox 86 2427 248 2498; x_wconf 85' lang='lat' dir='ltr'>Dicebant,</span> <span class='ocrx_word' id='word_1_177' title='bbox 259 2435 309 2486; x_wconf 87' lang='lat' dir='ltr'>ant</span> <span class='ocrx_word' id='word_1_178' title='bbox 322 2427 492 2485; x_wconf 88' lang='lat' dir='ltr'>Niceratum</span> <span class='ocrx_word' id='word_1_179' title='bbox 504 2445 512 2493; x_wconf 74' lang='lat'>3</span> <span class='ocrx_word' id='word_1_180' title='bbox 534 2443 602 2484; x_wconf 90' lang='lat' dir='ltr'>nam</span> <span class='ocrx_word' id='word_1_181' title='bbox 616 2423 646 2482; x_wconf 88' lang='lat' dir='ltr'>hi</span> <span class='ocrx_word' id='word_1_182' title='bbox 659 2433 718 2483; x_wconf 90' lang='lat' dir='ltr'>tres</span> <span class='ocrx_word' id='word_1_183' title='bbox 732 2433 796 2484; x_wconf 87' lang='lat' dir='ltr'>tum</span> <span class='ocrx_word' id='word_1_184' title='bbox 811 2423 897 2482; x_wconf 89' lang='lat' dir='ltr'>simul</span> <span class='ocrx_word' id='word_1_185' title='bbox 1047 2421 1088 2482; x_wconf 85' lang='lat'>60</span> 
     </span>
     <span class='ocr_line' id='line_1_28' title="bbox 86 2503 972 2584; baseline -0.003 -17"><span class='ocrx_word' id='word_1_186' title='bbox 86 2505 246 2568; x_wconf 78' lang='lat' dir='ltr'>Amabant.</span> <span class='ocrx_word' id='word_1_187' title='bbox 287 2506 363 2578; x_wconf 81' lang='lat' dir='ltr'>Eho,</span> <span class='ocrx_word' id='word_1_188' title='bbox 380 2504 450 2582; x_wconf 89' lang='lat' dir='ltr'>quid</span> <span class='ocrx_word' id='word_1_189' title='bbox 464 2503 661 2583; x_wconf 84' lang='lat' dir='ltr'>Pamphilusi</span> <span class='ocrx_word' id='word_1_190' title='bbox 683 2503 788 2574; x_wconf 87' lang='lat' dir='ltr'>Quidi</span> <span class='ocrx_word' id='word_1_191' title='bbox 809 2504 972 2584; x_wconf 79' lang='lat' dir='ltr'>symbolam</span> 
     </span>
     <span class='ocr_line' id='line_1_29' title="bbox 86 2582 797 2662; baseline -0.003 -16"><span class='ocrx_word' id='word_1_192' title='bbox 86 2585 190 2658; x_wconf 87' lang='lat' dir='ltr'>Dedit,</span> <span class='ocrx_word' id='word_1_193' title='bbox 200 2582 349 2645; x_wconf 78' lang='lat' dir='ltr'>&#39;coenavitz</span> <span class='ocrx_word' id='word_1_194' title='bbox 371 2583 545 2662; x_wconf 85' lang='lat' dir='ltr'>gaudebam.</span> <span class='ocrx_word' id='word_1_195' title='bbox 587 2586 661 2644; x_wconf 88' lang='lat' dir='ltr'>item</span> <span class='ocrx_word' id='word_1_196' title='bbox 673 2585 733 2644; x_wconf 91' lang='lat' dir='ltr'>alio</span> <span class='ocrx_word' id='word_1_197' title='bbox 748 2584 797 2644; x_wconf 90' lang='lat' dir='ltr'>die</span> 
     </span>
    </p>

    <p class='ocr_par' dir='ltr' id='par_1_23' title="bbox 85 2663 872 2744">
     <span class='ocr_line' id='line_1_30' title="bbox 85 2663 872 2744; baseline -0.003 -18"><span class='ocrx_word' id='word_1_198' title='bbox 85 2667 285 2736; x_wconf 71' lang='lat' dir='ltr'>Querebam:</span> <span class='ocrx_word' id='word_1_199' title='bbox 307 2663 534 2744; x_wconf 84' lang='lat' dir='ltr'>comperiebam,</span> <span class='ocrx_word' id='word_1_200' title='bbox 549 2664 621 2724; x_wconf 87' lang='lat' dir='ltr'>nibil</span> <span class='ocrx_word' id='word_1_201' title='bbox 636 2663 674 2723; x_wconf 89' lang='lat' dir='ltr'>ad</span> <span class='ocrx_word' id='word_1_202' title='bbox 690 2664 872 2743; x_wconf 86' lang='lat' dir='ltr'>Pamphilum</span> 
     </span>
    </p>

    <p class='ocr_par' dir='ltr' id='par_1_24' title="bbox 84 2745 875 2823">
     <span class='ocr_line' id='line_1_31' title="bbox 84 2745 875 2823; baseline -0.001 -18"><span class='ocrx_word' id='word_1_203' title='bbox 84 2745 258 2823; x_wconf 86' lang='lat' dir='ltr'>Quidquam</span> <span class='ocrx_word' id='word_1_204' title='bbox 273 2745 413 2804; x_wconf 87' lang='lat' dir='ltr'>adtinere.</span> <span class='ocrx_word' id='word_1_205' title='bbox 455 2745 613 2810; x_wconf 80' lang='lat' dir='ltr'>Enimvero</span> <span class='ocrx_word' id='word_1_206' title='bbox 626 2753 789 2822; x_wconf 85' lang='lat' dir='ltr'>spectatum</span> <span class='ocrx_word' id='word_1_207' title='bbox 805 2745 875 2804; x_wconf 88' lang='lat' dir='ltr'>satis</span> 
     </span>
    </p>

    <p class='ocr_par' dir='ltr' id='par_1_25' title="bbox 84 2825 840 2902">
     <span class='ocr_line' id='line_1_32' title="bbox 84 2825 840 2902; baseline -0.004 -16"><span class='ocrx_word' id='word_1_208' title='bbox 84 2825 244 2896; x_wconf 88' lang='lat' dir='ltr'>Putabam,</span> <span class='ocrx_word' id='word_1_209' title='bbox 259 2835 289 2884; x_wconf 90' lang='lat' dir='ltr'>et</span> <span class='ocrx_word' id='word_1_210' title='bbox 302 2843 435 2902; x_wconf 88' lang='lat' dir='ltr'>magnum</span> <span class='ocrx_word' id='word_1_211' title='bbox 450 2825 616 2902; x_wconf 87' lang='lat' dir='ltr'>exemplum</span> <span class='ocrx_word' id='word_1_212' title='bbox 631 2825 840 2894; x_wconf 72' lang='lat' dir='ltr'>continentiae,</span> 
     </span>
    </p>

    <p class='ocr_par' dir='ltr' id='par_1_26' title="bbox 83 2901 814 2984">
     <span class='ocr_line' id='line_1_33' title="bbox 83 2901 814 2984; baseline -0.005 -19"><span class='ocrx_word' id='word_1_213' title='bbox 83 2907 163 2965; x_wconf 89' lang='lat' dir='ltr'>Nam</span> <span class='ocrx_word' id='word_1_214' title='bbox 178 2904 230 2984; x_wconf 90' lang='lat' dir='ltr'>qui</span> <span class='ocrx_word' id='word_1_215' title='bbox 243 2923 311 2964; x_wconf 86' lang='lat' dir='ltr'>eum</span> <span class='ocrx_word' id='word_1_216' title='bbox 325 2903 445 2980; x_wconf 86' lang='lat' dir='ltr'>ingeniis</span> <span class='ocrx_word' id='word_1_217' title='bbox 457 2901 644 2963; x_wconf 81' lang='lat' dir='ltr'>conflictatur</span> <span class='ocrx_word' id='word_1_218' title='bbox 657 2903 814 2982; x_wconf 85' lang='lat' dir='ltr'>ejusmodi,</span> 
     </span>
    </p>

    <p class='ocr_par' dir='ltr' id='par_1_27' title="bbox 84 2983 797 3063">
     <span class='ocr_line' id='line_1_34' title="bbox 84 2983 797 3063; baseline -0.006 -18"><span class='ocrx_word' id='word_1_219' title='bbox 84 2986 192 3063; x_wconf 84' lang='lat' dir='ltr'>Neque</span> <span class='ocrx_word' id='word_1_220' title='bbox 206 2994 409 3044; x_wconf 86' lang='lat' dir='ltr'>commovetur</span> <span class='ocrx_word' id='word_1_221' title='bbox 422 2985 535 3042; x_wconf 86' lang='lat' dir='ltr'>animus</span> <span class='ocrx_word' id='word_1_222' title='bbox 550 2984 578 3042; x_wconf 90' lang='lat' dir='ltr'>in</span> <span class='ocrx_word' id='word_1_223' title='bbox 593 2983 627 3043; x_wconf 78' lang='lat' dir='ltr'>ea</span> <span class='ocrx_word' id='word_1_224' title='bbox 642 3003 672 3043; x_wconf 90' lang='lat' dir='ltr'>re</span> <span class='ocrx_word' id='word_1_225' title='bbox 687 2993 797 3053; x_wconf 85' lang='lat' dir='ltr'>tamen,</span> 
     </span>
    </p>

    <p class='ocr_par' dir='ltr' id='par_1_28' title="bbox 85 3061 885 3141">
     <span class='ocr_line' id='line_1_35' title="bbox 85 3061 885 3141; baseline -0.005 -15"><span class='ocrx_word' id='word_1_226' title='bbox 85 3064 171 3126; x_wconf 88' lang='lat' dir='ltr'>Scias</span> <span class='ocrx_word' id='word_1_227' title='bbox 185 3083 270 3141; x_wconf 88' lang='lat' dir='ltr'>posse</span> <span class='ocrx_word' id='word_1_228' title='bbox 284 3063 393 3122; x_wconf 82' lang='lat' dir='ltr'>habere</span> <span class='ocrx_word' id='word_1_229' title='bbox 401 3063 466 3138; x_wconf 85' lang='lat' dir='ltr'>jam</span> <span class='ocrx_word' id='word_1_230' title='bbox 481 3064 577 3140; x_wconf 80' lang='lat' dir='ltr'>ipsunt</span> <span class='ocrx_word' id='word_1_231' title='bbox 592 3081 653 3120; x_wconf 79' lang='lat' dir='ltr'>suae</span> <span class='ocrx_word' id='word_1_232' title='bbox 670 3063 738 3121; x_wconf 82' lang='lat' dir='ltr'>vitre</span> <span class='ocrx_word' id='word_1_233' title='bbox 753 3061 885 3122; x_wconf 89' lang='lat' dir='ltr'>modurn.</span> 
     </span>
    </p>

    <p class='ocr_par' dir='ltr' id='par_1_29' title="bbox 85 3142 893 3220">
     <span class='ocr_line' id='line_1_36' title="bbox 85 3142 893 3220; baseline -0.004 -17"><span class='ocrx_word' id='word_1_234' title='bbox 85 3145 163 3203; x_wconf 87' lang='lat' dir='ltr'>Cum</span> <span class='ocrx_word' id='word_1_235' title='bbox 178 3143 208 3202; x_wconf 92' lang='lat' dir='ltr'>id</span> <span class='ocrx_word' id='word_1_236' title='bbox 222 3144 292 3202; x_wconf 91' lang='lat' dir='ltr'>mibi</span> <span class='ocrx_word' id='word_1_237' title='bbox 306 3143 453 3220; x_wconf 86' lang='lat' dir='ltr'>placebat,</span> <span class='ocrx_word' id='word_1_238' title='bbox 469 3151 529 3201; x_wconf 90' lang='lat' dir='ltr'>tum</span> <span class='ocrx_word' id='word_1_239' title='bbox 546 3159 603 3200; x_wconf 92' lang='lat' dir='ltr'>uno</span> <span class='ocrx_word' id='word_1_240' title='bbox 616 3159 665 3200; x_wconf 84' lang='lat' dir='ltr'>ore</span> <span class='ocrx_word' id='word_1_241' title='bbox 680 3159 781 3202; x_wconf 89' lang='lat' dir='ltr'>omues</span> <span class='ocrx_word' id='word_1_242' title='bbox 796 3142 893 3202; x_wconf 89' lang='lat' dir='ltr'>omnia</span> 
     </span>
    </p>

    <p class='ocr_par' dir='ltr' id='par_1_30' title="bbox 85 3221 1085 3378">
     <span class='ocr_line' id='line_1_37' title="bbox 86 3221 1085 3303; baseline -0.006 -21"><span class='ocrx_word' id='word_1_243' title='bbox 86 3224 169 3284; x_wconf 87' lang='lat' dir='ltr'>Bona</span> <span class='ocrx_word' id='word_1_244' title='bbox 182 3223 291 3293; x_wconf 89' lang='lat' dir='ltr'>dicere,</span> <span class='ocrx_word' id='word_1_245' title='bbox 307 3232 335 3281; x_wconf 89' lang='lat' dir='ltr'>et</span> <span class='ocrx_word' id='word_1_246' title='bbox 347 3222 464 3303; x_wconf 85' lang='lat' dir='ltr'>laudare</span> <span class='ocrx_word' id='word_1_247' title='bbox 478 3221 610 3281; x_wconf 85' lang='lat' dir='ltr'>fortunas</span> <span class='ocrx_word' id='word_1_248' title='bbox 625 3239 714 3294; x_wconf 85' lang='lat' dir='ltr'>meas,</span> <span class='ocrx_word' id='word_1_249' title='bbox 1047 3233 1085 3294; x_wconf 80' lang='lat'>70</span> 
     </span>
     <span class='ocr_line' id='line_1_38' title="bbox 85 3300 809 3378; baseline 0.001 -18"><span class='ocrx_word' id='word_1_250' title='bbox 85 3302 149 3372; x_wconf 88' lang='lat' dir='ltr'>Qui</span> <span class='ocrx_word' id='word_1_251' title='bbox 162 3313 281 3376; x_wconf 83' lang='lat' dir='ltr'>gnatum</span> <span class='ocrx_word' id='word_1_252' title='bbox 298 3303 434 3361; x_wconf 86' lang='lat' dir='ltr'>haberem</span> <span class='ocrx_word' id='word_1_253' title='bbox 449 3301 501 3361; x_wconf 90' lang='lat' dir='ltr'>tali</span> <span class='ocrx_word' id='word_1_254' title='bbox 514 3301 629 3377; x_wconf 89' lang='lat' dir='ltr'>ingenio</span> <span class='ocrx_word' id='word_1_255' title='bbox 644 3300 809 3378; x_wconf 83' lang='lat' dir='ltr'>praeditum.</span> 
     </span>
    </p>

    <p class='ocr_par' dir='ltr' id='par_1_31' title="bbox 87 3379 933 3458">
     <span class='ocr_line' id='line_1_39' title="bbox 87 3379 933 3458; baseline 0.001 -17"><span class='ocrx_word' id='word_1_256' title='bbox 87 3381 171 3451; x_wconf 88' lang='lat' dir='ltr'>Quid</span> <span class='ocrx_word' id='word_1_257' title='bbox 186 3382 281 3441; x_wconf 85' lang='lat' dir='ltr'>verbis</span> <span class='ocrx_word' id='word_1_258' title='bbox 291 3400 366 3458; x_wconf 90' lang='lat' dir='ltr'>opus</span> <span class='ocrx_word' id='word_1_259' title='bbox 380 3379 447 3440; x_wconf 78' lang='lat' dir='ltr'>esti</span> <span class='ocrx_word' id='word_1_260' title='bbox 466 3381 522 3440; x_wconf 87' lang='lat' dir='ltr'>bae</span> <span class='ocrx_word' id='word_1_261' title='bbox 535 3379 612 3439; x_wconf 78' lang='lat' dir='ltr'>fami</span> <span class='ocrx_word' id='word_1_262' title='bbox 625 3381 769 3458; x_wconf 89' lang='lat' dir='ltr'>impulsus</span> <span class='ocrx_word' id='word_1_263' title='bbox 784 3381 933 3455; x_wconf 86' lang='lat' dir='ltr'>Chremes,</span> 
     </span>
    </p>

    <p class='ocr_par' dir='ltr' id='par_1_32' title="bbox 85 3459 745 3538">
     <span class='ocr_line' id='line_1_40' title="bbox 85 3459 745 3538; baseline -0.005 -17"><span class='ocrx_word' id='word_1_264' title='bbox 85 3463 173 3521; x_wconf 90' lang='lat' dir='ltr'>Ultro</span> <span class='ocrx_word' id='word_1_265' title='bbox 187 3462 224 3521; x_wconf 88' lang='lat' dir='ltr'>ad</span> <span class='ocrx_word' id='word_1_266' title='bbox 240 3481 285 3521; x_wconf 88' lang='lat' dir='ltr'>me</span> <span class='ocrx_word' id='word_1_267' title='bbox 301 3463 389 3529; x_wconf 86' lang='lat' dir='ltr'>venit,</span> <span class='ocrx_word' id='word_1_268' title='bbox 404 3459 517 3519; x_wconf 84' lang='lat' dir='ltr'>unicam</span> <span class='ocrx_word' id='word_1_269' title='bbox 532 3469 647 3538; x_wconf 88' lang='lat' dir='ltr'>gnatam</span> <span class='ocrx_word' id='word_1_270' title='bbox 663 3479 745 3519; x_wconf 89' lang='lat' dir='ltr'>suam</span> 
     </span>
    </p>

    <p class='ocr_par' dir='ltr' id='par_1_33' title="bbox 88 3539 742 3602">
     <span class='ocr_line' id='line_1_41' title="bbox 88 3539 742 3602; baseline -0.002 -3"><span class='ocrx_word' id='word_1_271' title='bbox 88 3540 164 3599; x_wconf 88' lang='lat' dir='ltr'>Cu&#39;m</span> <span class='ocrx_word' id='word_1_272' title='bbox 179 3542 250 3602; x_wconf 90' lang='lat' dir='ltr'>dote</span> <span class='ocrx_word' id='word_1_273' title='bbox 265 3541 377 3600; x_wconf 82' lang='lat' dir='ltr'>summit</span> <span class='ocrx_word' id='word_1_274' title='bbox 390 3539 452 3600; x_wconf 87' lang='lat' dir='ltr'>lilio</span> <span class='ocrx_word' id='word_1_275' title='bbox 467 3559 586 3599; x_wconf 81' lang='lat' dir='ltr'>uxorem</span> <span class='ocrx_word' id='word_1_276' title='bbox 601 3549 634 3598; x_wconf 94' lang='lat' dir='ltr'>ut</span> <span class='ocrx_word' id='word_1_277' title='bbox 648 3540 742 3600; x_wconf 90' lang='lat' dir='ltr'>daret.</span> 
     </span>
    </p>
   </div>
   <div class='ocr_carea' id='block_1_3' title="bbox 87 3617 867 3700">
    <p class='ocr_par' dir='ltr' id='par_1_34' title="bbox 87 3617 867 3700">
     <span class='ocr_line' id='line_1_42' title="bbox 87 3617 867 3700; baseline -0.001 -18"><span class='ocrx_word' id='word_1_278' title='bbox 87 3620 220 3693; x_wconf 84' lang='lat' dir='ltr'>Placuit;</span> <span class='ocrx_word' id='word_1_279' title='bbox 242 3621 409 3698; x_wconf 80' lang='lat' dir='ltr'>despondi:</span> <span class='ocrx_word' id='word_1_280' title='bbox 434 3619 481 3679; x_wconf 88' lang='lat' dir='ltr'>bic</span> <span class='ocrx_word' id='word_1_281' title='bbox 496 3619 607 3700; x_wconf 88' lang='lat' dir='ltr'>nuptiis</span> <span class='ocrx_word' id='word_1_282' title='bbox 622 3619 723 3678; x_wconf 85' lang='lat' dir='ltr'>dictus</span> <span class='ocrx_word' id='word_1_283' title='bbox 736 3627 782 3680; x_wconf 87' lang='lat' dir='ltr'>est</span> <span class='ocrx_word' id='word_1_284' title='bbox 795 3617 867 3681; x_wconf 82' lang='lat' dir='ltr'>dica.</span> 
     </span>
    </p>
   </div>
   <div class='ocr_carea' id='block_1_4' title="bbox 0 0 1208 4038">
    <p class='ocr_par' dir='ltr' id='par_1_35' title="bbox 0 0 1208 4038">
     <span class='ocr_line' id='line_1_43' title="bbox 0 0 1208 4038; baseline 0 0"><span class='ocrx_word' id='word_1_285' title='bbox 0 0 1208 4038; x_wconf 95' lang='lat' dir='ltr'> </span> 
     </span>
    </p>
   </div>
  </div>
 </body>
</html>
