2402 4036
102 327 162 394 198
514 321 718 384 PHORMIO.

102 471 264 546 Rogamus,
280 474 351 554 quid
368 474 432 536 sitl
453 494 614 554 numquam
630 475 727 554 aequb,
741 473 846 554 inquit,
862 496 898 537 nc
912 479 1015 554 modb‚
1095 501 1097 507 ⁸

95 548 262 632 'Paupertas
274 557 342 614 mihi
353 575 426 616 unus
438 556 530 616 visum
543 569 595 628 est,
610 567 640 615 et
656 556 804 629 miserum,
818 566 849 618 et
862 577 960 636 grave.
1184 544 1185 634 l

99 633 197 694 Modb
212 636 367 713 quamdam
385 636 445 696 vidi
460 637 599 715 virginem
615 636 664 696 blo
679 636 794 696 viciniae
1184 639 1185 668 ¹

98 714 249 786 Miseram,
265 735 349 776 suam
365 727 486 776 matrem
502 717 654 777 lamentari
670 727 823 777 mortuam.

98 795 143 855 Ea
157 795 212 854 sita
227 806 291 858 erat
303 797 515 858 exadvorsum:
536 817 631 876 neque
645 797 687 856 illi
703 797 891 870 benevolens,

99 875 206 954 Neque
221 888 318 948 notus,
334 898 428 956 neque
441 887 595 956 cognatus,
609 887 690 936 extra
706 897 792 938 unam
807 880 964 954 aniculam,

98 956 263 1034 Quisquam
279 957 391 1029 aderat,
408 957 466 1035 qui
473 958 619 1035 adjutaret
632 957 718 1016 funus
732 978 740 1018 ι
764 959 924 1022 miseritum
940 961 985 1022 'st.

62 1107 64 1112 ,
97 1035 188 1112 Virgo
202 1036 266 1112 ipsa
280 1037 355 1097 secie
366 1037 506 1116 egregiis:
528 1037 599 1116 quid
616 1038 709 1097 verbis
722 1039 793 1116 opu'
808 1042 866 1101 'sti
1072 1051 1107 1104 50

99 1114 270 1176 Commbret
285 1137 388 1178 ornnes
402 1137 476 1178 nost
497 1117 539 1178 ibi
554 1117 694 1178 continnb
708 1120 854 1197 Antipho,

97 1196 232 1256 Voltisne
246 1217 346 1260 eamus
360 1200 476 1261 viseret
498 1199 583 1270 alius,
596 1219 721 1268 oenseo;

12 1349 13 1352 Ἴ
98 1275 223 1338 Eamus:
246 1277 306 1340 duo
320 1299 385 1351 nos,
400 1280 497 1340 sodes.
540 1281 638 1351 lmus3
663 1279 814 1350 venimus;

99 1357 252 1418 Videmus.
294 1359 383 1437 Virgo
398 1361 537 1438 pulchra!
559 1371 600 1430 et,
616 1359 677 1439 qud
693 1362 786 1439 magis
799 1361 925 1434 diceres,

99 1437 179 1496 Nihil
194 1439 296 1500 aderat
309 1441 475 1518 adjumenti
489 1441 526 1500 ad
543 1439 802 1518 pulchritudinem.

102 1518 232 1596 Capillus
245 1540 362 1598 passus,
375 1521 474 1582 nudus
489 1541 552 1600 pes,
566 1522 632 1600 ipsa
647 1521 784 1592 borrida;

100 1599 262 1672 Lacrumoe,
278 1602 398 1661 vestitus
413 1602 524 1680 turpis;
548 1613 590 1671 ut,
606 1601 690 1660 nivis
706 1602 777 1662 boni

101 1681 136 1736 ln
150 1681 214 1757 ipsb
228 1681 331 1740 inesset
345 1681 449 1751 formd,
464 1683 528 1740 haec
539 1681 663 1740 formam
679 1683 892 1760 extinguerent.

26 1831 32 1835 Π
100 1759 166 1829 llle,
182 1760 232 1837 qui
247 1761 324 1820 illam
335 1763 454 1820 amabat
468 1761 628 1830 fidicinam,
644 1764 862 1834 tantummodo,

102 1840 190 1908 Satis,
204 1840 310 1917 inquit,
326 1841 402 1900 scite
417 1843 472 1901 ’stt
494 1851 592 1900 noster
607 1840 689 1903 verb.
734 1844 797 1904 Du.
811 1845 877 1904 Janr
893 1846 976 1906 scio:
1067 1845 1103 1906 60

101 1921 324 1998 Amarecoepit.
368 1920 642 2000 Ge.Sniu'qnarnl
664 1922 854 2000 qubevadat,
871 1926 948 1986 vide.
1185 1923 1187 1982 l

101 1999 247 2059 Postridie
261 2001 299 2061 ad
314 2021 401 2062 anum
419 2004 499 2062 recte
514 2003 630 2080 pergit:
653 2005 802 2074 obsecrat,
1187 2023 1188 2028 ’

102 2080 164 2138 Sibi
178 2090 209 2140 ut
222 2081 286 2159 ejus
301 2081 391 2142 faciat
400 2083 536 2163 copiam:
558 2083 608 2142 illa
618 2083 693 2141 enim
710 2103 740 2142 se
754 2092 862 2162 negat;

101 2161 209 2238 Neque
223 2183 290 2222 eum
306 2183 423 2240 aquom
439 2164 478 2222 ait
491 2162 607 2222 facere:
629 2163 705 2222 illem
718 2163 812 2224 civem
828 2183 891 2223 esse
906 2165 1048 2237 Atticam,

103 2243 229 2314 Bonam,
252 2243 335 2302 bonis
350 2253 541 2320 prognatam:
565 2242 589 2302 si
605 2263 724 2304 uxorem
741 2245 821 2316 velit,

104 2322 182 2399 Lege
195 2323 224 2382 id
240 2323 328 2383 licere
344 2325 441 2384 sunere
452 2346 467 2395 ς-
484 2325 528 2384 sin
541 2323 633 2395 aliter,
649 2335 744 2402 negat.

103 2402 224 2473 Noster,
240 2403 309 2482 quid
322 2415 433 2484 ageret,
449 2404 582 2474 nescirer
603 2415 634 2464 et
648 2424 711 2464 eam
728 2405 838 2464 ducere

104 2483 263 2562 Cupiebat,
275 2493 305 2544 et
320 2487 470 2546 metuebat
484 2485 635 2546 absentem
651 2496 776 2564 patrem·

105 2563 169 2622 Du.
185 2565 262 2634 Non,
277 2565 301 2622 si
316 2565 452 2636 redisset,
466 2565 492 2624 ei
509 2575 593 2643 pater
606 2566 717 2624 veniam
731 2565 837 2626 darell

106 2640 159 2702 Ge.
174 2643 266 2702 lllene
281 2645 441 2704 indotatam
456 2645 595 2722 virginem
607 2653 698 2719 atque
713 2645 871 2722 ignobilem
1067 2653 1102 2712 70

104 2722 198 2782 Daret
212 2723 278 2784 illii
300 2743 458 2802 numquam
475 2725 595 2784 laceret.
637 2725 788 2792 DmQuid
803 2724 837 2784 tit
851 2724 1000 2804 deniquel

107 2803 158 2862 Ge.
174 2804 252 2874 Quid
268 2803 343 2864 fintl
363 2815 407 2864 est
422 2806 567 2884 parasitus
581 2803 702 2882 quidem
715 2804 864 2874 l'lrormio,

104 2883 203 2943 Homo
217 2885 368 2946 confidens
381 2907 390 2956 ;
412 2887 473 2964 qui,
488 2886 568 2946 illum
586 2886 625 2944 Dl
640 2905 741 2945 omnes
756 2886 916 2965 perduint!

105 2964 170 3023 Du.
186 2966 265 3034 Quid
283 2967 305 3025 is
320 2967 412 3026 leniti
455 2968 507 3027 Ge.
523 2967 589 3026 Hoc
602 2965 766 3038 eonsilium,
781 2965 862 3046 quod
878 2967 985 3038 dicam,
1000 2966 1089 3028 dedit.

104 3045 165 3104 Lex
180 3057 235 3117 est,
252 3057 283 3106 ut
296 3049 389 3118 orbae,
405 3047 456 3126 qui
470 3055 539 3108 sunt
552 3065 658 3127 genere
672 3047 815 3124 proxumi,

104 3125 156 3183 Eis
171 3128 299 3195 nubant:
322 3139 351 3186 et
365 3129 430 3187 illos
446 3127 553 3188 ducere
567 3127 668 3186 eadem
685 3128 748 3186 haec
763 3128 809 3185 lex
816 3126 916 3203 jubet.

106 3207 169 3282 Ego
183 3217 211 3264 te
225 3219 383 3286 cognatum
394 3209 504 3278 dicam,
519 3218 548 3267 et
563 3208 615 3266 tibi
631 3207 756 3266 scribam
771 3205 887 3268 dicam:

105 3287 264 3346 Paternum
278 3290 401 3347 amicum
417 3308 463 3348 me
476 3288 660 3348 adsimulabo
672 3287 786 3366 virginis
799 3308 808 3348 a
1187 3319 1188 3386 q

42 3393 45 3399 ·
105 3367 282 3446 Adjudices
293 3370 463 3438 yeniemus:
479 3370 529 3444 qui
545 3369 633 3428 fuerit
647 3376 741 3446 pater,

105 3451 181 3516 Quae
195 3457 302 3517 maten
326 3451 378 3525 qul
392 3462 518 3526 cognata
531 3449 585 3508 tibi
600 3449 656 3517 sit;
678 3448 777 3506 omnia
791 3447 855 3508 lraec
1067 3455 1101 3508 80

106 3529 280 3608 confingam
295 3549 303 3598 ;
326 3529 406 3604 quod
419 3531 473 3586 erit
488 3528 558 3587 milri
573 3529 681 3588 bonum
693 3542 783 3606 atque
793 3529 993 3588 commodum.

108 3610 204 3676 Quum
220 3621 252 3668 tu
268 3610 369 3668 horum
387 3609 455 3665 nilril
467 3608 590 3680 refelles,
606 3609 719 3667 uincam
733 3609 855 3666 scilicet.

108 3691 195 3750 ”ater
209 3691 322 3751 aderit:
345 3689 414 3748 mihi
429 3701 541 3767 paratae
556 3689 641 3748 lites:
664 3687 735 3766 quid
751 3687 840 3748 meisi
