2404 4038
500 255 670 350 lunari.

484 517 616 578 SCENA
642 515 694 575 lv.

519 671 645 729 Musm.

86 829 228 896 numm,
244 821 380 896 Archile,
392 821 588 900 jamdudum
612 821 747 882 Lesbiam
761 819 980 900 addncijubes.

85 907 160 966 Sane
176 904 227 983 pol
240 904 288 963 illa
301 903 463 964 temulenta
478 903 515 962 'at
529 902 635 962 mulier
648 912 679 962 et
692 903 855 975 temeraria,

84 987 149 1045 Nec
164 985 233 1043 satis
247 984 346 1064 digna,
361 983 410 1042 cui
424 982 591 1042 committas
604 983 699 1059 primo
712 993 800 1061 partu
813 981 983 1042 mulierem:

83 1067 197 1126 Tamen
212 1083 274 1124 eam
288 1064 445 1124 adducam.
486 1063 740 1140 Importunitatem
756 1070 889 1141 spectate
903 1063 1041 1131 auiculae;

85 1145 163 1214 Quia
177 1144 339 1222 compotrix
352 1145 416 1220 ejus
430 1151 483 1202 eat.
525 1141 576 1213 Dl,
592 1141 661 1202 date
675 1142 860 1214 facultatem,
875 1143 1010 1215 obsecro,

85 1225 162 1286 Huic
177 1223 321 1302 potiundi,
336 1232 425 1302 atque
439 1222 480 1279 illi
495 1221 524 1280 in
538 1219 600 1280 aliis
614 1222 713 1300 potius
728 1222 874 1300 peccandi
887 1223 994 1283 locum.

86 1303 142 1364 Sed
165 1303 305 1381 quidnam
327 1301 508 1380 Pamphilum
530 1302 729 1361 exanimatum
750 1301 862 1362 videol
889 1321 990 1362 vereor
1012 1304 1081 1380 quid
1173 1321 1174 1326 ¹

86 1392 285 1542 Opperiasiflit
299 1461 391 1523 eciam
403 1481 493 1534 nune,
505 1461 645 1539 quidnam
656 1459 721 1520 lraec
731 1459 816 1520 turba
825 1461 951 1522 tristitiae
960 1461 1082 1523 adferat.

487 1685 618 1746 SCENA
649 1687 686 1746 V.

385 1838 611 1902 Pamrurnus.
653 1843 780 1904 Musrs.

87 1999 146 2061 Pa.
170 1999 337 2059 floccum
352 1994 386 2053 'st
407 1994 564 2056 humanum
577 1995 689 2058 factum
703 2005 755 2058 aut
769 1997 938 2076 inceptum!
960 2001 1083 2062 hoccine
1181 2002 1182 2042 ¹

208 2074 509 2154 ’stofficiumpatris!
638 2101 642 2110 ⁴

86 2161 156 2238 My.
178 2155 259 2225 Quid
280 2153 350 2214 illud
372 2155 437 2214 estl
490 2153 550 2215 Pu.
572 2156 650 2215 Proh
680 2155 777 2217 Dellm
808 2167 897 2236 atque
931 2161 1081 2222 homiuum

206 2234 311 2294 fidem!
334 2233 403 2312 quid
418 2243 472 2305 eat,
487 2235 510 2293 si
524 2255 580 2294 non
596 2237 659 2295 haec
674 2239 852 2298 contumelia
866 2239 922 2298 'stl
1014 2279 1018 2284 -

84 2319 213 2379 Uxorem
227 2313 362 2376 decrerat
375 2313 445 2372 dare
460 2333 523 2374 sese
538 2315 606 2374 mihi
621 2316 718 2375 hodie.
761 2318 868 2379 Nonne
883 2320 1014 2396 oportuit

84 2395 244 2457 Praescisse
259 2414 305 2454 me
319 2394 409 2454 autel
430 2413 526 2454 nonne
540 2395 619 2473 prins
634 2398 881 2458 communicatum
895 2399 1050 2476 oportuitl

84 2478 155 2555 My.
177 2475 314 2534 Miseram
327 2475 391 2532 me!
417 2475 498 2552 quod
514 2475 634 2534 verbum
648 2476 760 2536 audio?

86 2559 147 2616 Pa.
169 2554 249 2622 Quid
262 2553 423 2612 Chremesl
445 2553 496 2628 qui
510 2553 667 2630 deneglrat
681 2574 711 2612 se
725 2555 943 2616 commissurum
959 2560 1029 2618 mihi

85 2638 215 2696 Gnatam
235 2651 326 2771 (quoqu
353 2649 493 2700 uxorem3
522 2631 553 2690 id
577 2633 709 2705 mutavit,
731 2634 802 2712 quia
825 2655 871 2696 nte
896 2637 1084 2700 immutatum

205 2713 233 2770 vi
256 2721 286 2770 et

83 2798 167 2857 ltane
180 2790 331 2930 obstqlnat?
345 2808 465 2868 operam
486 2789 550 2862 dat,
567 2799 600 2850 ut
614 2810 660 2852 me
680 2814 698 2856 a
713 2795 851 2875 Glycerio
865 2799 1001 2860 miserum
1016 2800 1086 2858 aba·

205 2881 250 2932 tra
272 2881 302 2930 at

84 2953 173 3025 Quod
188 2951 213 3010 si
225 2950 271 3023 fit,
286 2968 373 3028 pereo
386 2947 528 3009 funditus.

85 3032 200 3095 Adeon'
215 3031 363 3090 hominem
382 3049 444 3088 esse
458 3029 654 3107 invenustum,
675 3044 727 3095 aut
746 3035 889 3098 infelicem
904 3055 1084 3116 quenquam,

206 3117 239 3169 ut
253 3129 307 3186 ego
321 3109 408 3168 sum!
1045 3129 1083 3178 10

84 3192 163 3254 Proh
176 3188 273 3250 Dellm
288 3200 377 3268 atque
391 3187 541 3250 hominum
554 3189 641 3252 fidem
654 3195 663 3253 l

33 3335 34 3347 q
85 3271 206 3333 Nullon'
215 3289 271 3348 ego
286 3269 448 3330 Chremetis
462 3279 550 3348 pacto
563 3271 744 3334 adfinitatem
758 3274 887 3350 effugere
900 3278 1023 3352 polerol

34 3403 36 3440 ξ
87 3354 170 3422 Quot
193 3349 484 3488 Ἥᾱίειοοηιειιιῐυε,
516 3353 655 3430 spretus'l
691 3351 780 3427 facta,
804 3363 952 3418 transacta
975 3359 1084 3420 omnia.

239 3449 285 3490 em

36 3541 39 3582 q
89 3509 273 3602 Repudiatus
287 3518 414 3588 repetor.
457 3510 681 3581 Quamobrem
702 3513 793 3575 nisisi
807 3514 835 3576 id
851 3523 905 3591 est,
927 3519 1007 3596 quod
1021 3539 1084 3580 aus-

36 3605 38 3616 *
205 3607 297 3668 prcor.
835 3633 851 3642 -
