2402 4036
105 255 164 312 220
512 247 722 312 PHORMIO.

111 405 166 464 De.
196 403 331 545 Rogairto.
375 403 458 465 ctre.
482 403 543 466 Ubi
565 403 628 466 iiiuc
650 425 705 483 ego
731 422 809 464 nuuc
833 403 959 484 reperire
986 403 1116 484 poesim,

223 505 291 564 cogi
304 505 334 546 u.

404 729 532 790 ACTUS
552 731 589 790 V.
630 729 761 791 SCENA
782 729 836 828 ¹⁸-

387 887 596 946 Soeueouu.
638 886 821 948 enerues.

106 1070 155 1128 8ο.
171 1069 265 1137 Qum
280 1084 365 1143 egum
380 1062 393 1121 i
416 1083 503 1140 quem
520 1063 589 1124 mibi
604 1065 732 1126 enricum
748 1064 893 1124 inueniam
906 1060 1034 1124 misera?
1056 1072 1113 1124 aut

225 1145 285 1226 qud
298 1144 421 1206 consiliu
436 1147 499 1206 iraec
512 1145 636 1206 referem
649 1147 662 1206 i

104 1227 165 1288 dut
180 1230 258 1286 unde
271 1227 343 1286 mihi
353 1225 494 1286 uuuiiimn
508 1234 607 1307 petum
623 1227 636 1286 i

104 1310 184 1370 Num
213 1328 325 1381 vereor,
353 1308 422 1368 hera
449 1327 486 1366 ue
510 1309 551 1366 ob
569 1303 676 1367 'meum
704 1325 822 1367 suasum
849 1304 969 1385 indigue
997 1303 1110 1381 injuriis

224 1387 400 1448 mmmm:
847 1385 849 1392 ⁸
953 1431 956 1435 -

100 1471 152 1530 ,ltu
166 1479 279 1546 patrem
293 1467 489 1528 adulescentis
502 1466 582 1528 suctu
598 1467 662 1526 haec
677 1468 802 1538 tolerare
814 1465 905 1525 uudio
920 1463 1072 1524 violenter.

107 1550 190 1608 Uere.
223 1549 302 1608 Num
329 1568 395 1627 quee
424 1550 487 1607 haee
514 1567 585 1606 uuus
612 1557 659 1608 est
686 1548 859 1620 exanimata,
887 1545 1009 1606 eirutre
1035 1564 1107 1624 quae

141 1657 143 1663 ·
225 1649 340 1706 egressa
354 1631 390 1688 'st
403 1627 490 1688 meet

106 1710 155 1768 So.
179 1709 267 1778 Quod
292 1718 327 1768 ut
350 1709 489 1782 iacerem,
515 1717 631 1788 egestas
659 1726 706 1766 mc
730 1707 865 1790 impulit3
886 1725 977 1786 quum
1002 1703 1108 1766 scirem

225 1787 355 1848 infirmus
368 1789 487 1866 nuptias

105 1871 204 1928 Hasce
218 1887 301 1936 esse3
317 1875 363 1926 ut
375 1867 405 1926 id
421 1867 624 1937 consulerem
646 1867 756 1930 interea
767 1867 826 1928 vitu
840 1876 872 1926 ut
886 1866 916 1926 in
934 1874 1000 1926 tuto
1014 1863 1107 1926 toret.

107 1949 191 2010 Chre.
214 1948 300 2008 Certi
314 1947 442 2028 aedepol,
465 1949 522 2009 uisi
536 1968 583 2008 me
597 1948 710 2009 enimus
724 1946 812 2024 saliit,
835 1955 888 2008 aut
910 1965 1011 2026 parum
1033 1964 1112 2024 pru-

132 2071 135 2078 ι
222 2030 352 2108 spiciunt
365 2031 454 2102 oculi,
740 2045 743 2048 ·
914 2051 916 2054 ·

105 2111 183 2170 Meae
196 2109 340 2170 nutricem
360 2119 458 2188 gnatae
483 2109 580 2169 uideo.
623 2108 673 2172 Su.
695 2110 803 2190 Neque
826 2107 876 2172 iiie
896 2106 1109 2186 investigatur.

227 2191 311 2252 Chre.
331 2191 410 2258 Quid
425 2192 540 2264 agauri

106 2272 154 2333 So.
183 2271 243 2341 Qui
264 2279 310 2330 est
329 2270 394 2346 ejus
419 2279 516 2350 puter.
560 2269 644 2332 Chre.
660 2267 755 2346 Adeo,
770 2289 807 2331 un
821 2287 939 2342 maneo,
963 2265 1034 2328 dum
1060 2285 1111 2339 eu,

225 2371 293 2428 quae
307 2351 447 2429 loquitur,
464 2351 555 2430 magis
569 2351 739 2430 cognoscet
947 2371 950 2378 ·
1069 2357 1113 2408 10

107 2435 155 2494 So.
171 2431 268 2572 Quid&
274 2432 299 2492 si
312 2451 379 2570 cippi
392 2451 470 2492 nunc
484 2432 612 2512 reperire
623 2432 744 2516 possim,
759 2429 833 2491 nihii
847 2437 893 2492 est
903 2429 982 2510 quud
992 2447 1111 2490 verear.

267 2533 312 2573 re.
360 2512 451 2571 u'sti
475 2531 524 2572 su:

80 2587 284 2672 'Conloqueu
328 2592 377 2653 Su.
399 2533 475 2662 Quid
489 2590 704 2669 ideisquituri
746 2590 831 2652 Chre.
848 2589 1013 2670 sephrona.
1058 2589 1113 2650 Su.

225 2673 262 2730 Et
277 2692 373 2731 meum
389 2691 494 2731 nomeu
509 2673 664 2731 nominati
1062 2700 1065 2706 ·

107 2753 191 2814 Chre.
221 2752 349 2832 Respice
370 2751 487 2812 adme.
542 2751 592 2812 8ο.
619 2752 671 2823 Di,
693 2751 818 2815 obsecro
839 2750 914 2810 vos!
945 2757 1027 2808 estue
1057 2749 1112 2810 hic

225 2831 369 2913 Stilpho?
412 2831 498 2894 Chre.
513 2831 593 2893 Nou.
636 2831 686 2893 So.
701 2830 826 2910 Neguei

108 2915 192 2978 Chre.
213 2913 354 2973 Concede
379 2913 446 2974 iiiuc
471 2932 490 2974 a
514 2913 626 2973 iuribus
654 2913 805 2994 pauiuiutu
832 2911 978 2982 istorsum‚
1006 2907 1110 2984 sodes,

224 2994 263 3052 Su
288 2995 390 3055 turona.

106 3075 153 3135 Ne
167 3093 214 3134 me
228 3015 304 3134 istldc
325 3074 449 3154 posthac
464 3073 582 3134 nomine
604 3065 789 3156 udpeiidssis,
834 3069 883 3132 So.
906 3067 1015 3142 Quidt
1037 3086 1113 3141 nou,

225 3156 360 3229 obsecro,
374 3175 417 3228 es,

106 3235 200 3302 Quem
215 3252 330 3312 semper
345 3233 632 3296 teessedictitdstii
674 3230 763 3296 Cim·
777 3231 837 3292 Sti
878 3231 928 3292 So.
952 3229 1034 3300 Quid
1058 3231 1113 3291 uss

224 3316 329 3375 metuis
343 3315 449 3385 forest
540 3355 545 3360 -
767 3355 772 3382 .·
1083 3313 1087 3320 ”

110 3394 192 3455 C'dre.
213 3395 393 3471 Conclusam
408 3395 457 3456 hie
482 3396 577 3456 habeo
600 3413 719 3454 uxorem
745 3408 871 3452 surum:
894 3389 1007 3465 rerum,
1030 3391 1109 3452 istoc

225 3475 263 3534 de
278 3479 406 3547 nomine,

105 3555 150 3614 Εὸ
164 3573 316 3634 perperam
331 3556 401 3614 oiim
415 3555 488 3629 dixi,
504 3573 541 3614 ue
554 3573 605 3614 vos
620 3553 694 3614 forte
709 3551 909 3634 imprudentes
924 3548 994 3609 iuris

106 3635 278 3711 Etrurii-eris,
292 3644 381 3715 utque
395 3635 424 3694 id
439 3653 528 3712 porro
542 3634 640 3714 aliqud
654 3652 728 3694 uxor
742 3651 805 3693 meu
818 3631 1001 3692 rescisceret.
