2404 4038
104 265 145 322 ³0
428 281 431 284 ·
477 287 480 294 ⁴
522 261 691 330 ANDRlA.

54 391 56 395 ι
106 413 151 476 δι’.
167 411 351 474 Immoeoim
367 432 446 472 nunc
461 412 548 492 quam
573 415 708 476 maxume
733 412 786 472 aba
813 420 841 474 te
864 411 990 492 postulo,
1015 419 1104 492 atque

229 514 293 564 oro,
313 493 451 564 Chreme,
523 559 527 567 ,
707 555 708 560 .
892 531 899 540 ,.

101 573 148 634 ‘Ut
162 573 348 644 beneficium,
364 573 460 633 verbis
475 573 580 634 initum
590 575 721 645 dudum,
736 592 815 633 nunc
830 592 860 632 re
875 572 1063 648 comprobes.

108 653 161 715 Cla.
179 653 266 725 Vide,
280 653 369 730 quam
386 653 503 732 iniquus
518 655 556 714 eis
569 674 630 733 prae
645 654 754 726 studio,
770 653 841 716 dum
857 651 966 712 efficias
977 652 1007 710 id
1023 652 1105 732 quod
1184 667 1185 716 t

230 733 315 810 cupis
328 753 336 792 ι

107 813 213 891 Neque
226 813 345 890 modum
361 813 557 892 benignitatis,
573 833 679 891 neque,
695 813 767 890 quid
783 833 828 872 me
843 831 918 882 ores,
935 811 1067 888 cogitaret
1184 799 1185 862 i

108 892 185 952 Nam
201 893 224 951 si
239 893 361 972 cogites,
377 894 507 954 remittas
515 893 579 970 jam
596 914 642 954 me
657 913 776 954 onerare
791 893 914 968 injuriis.

1182 863 1185 950 l

111 972 155 1032 Εἰ.
175 973 313 1042 Quibusl
351 973 404 1035 clr.
426 975 492 1034 Ah!
521 971 656 1052 rogitas?
684 973 836 1052 perpulisti
861 991 918 1042 me,
943 983 974 1028 ut
996 970 1109 1030 bomini
1184 977 1185 980 ’

230 1053 464 1127 adolescentulo,
532 1099 534 1102 ,

109 1131 145 1191 ln
161 1129 219 1190 olio
233 1144 379 1210 occupato
395 1153 503 1204 aurore,
520 1133 688 1194 abhorrenti
703 1133 741 1192 ab
758 1153 788 1192 re
804 1130 916 1200 uxorih,
1073 1134 1109 1183 10

111 1211 214 1270 Filiam
230 1223 264 1270 ut
277 1211 376 1271 darem
390 1213 419 1272 in
435 1213 620 1285 seditionem,
636 1222 723 1288 atque
738 1214 865 1272 incertas
880 1208 1016 1287 nuptias:

108 1289 181 1368 Ejus
197 1292 306 1366 labore,
322 1301 411 1372 atque
425 1295 490 1370 ejus
506 1294 617 1364 dolore,
632 1303 720 1370 goato
737 1303 768 1352 ut
783 1291 943 1352 medicarer
955 1299 1016 1346 tuo.

111 1371 303 1449 Impetrhsti:
327 1373 445 1452 incoepi,
462 1375 530 1434 dum
546 1394 591 1433 res
606 1373 722 1434 tetulit:
747 1387 824 1432 nuno
838 1392 897 1430 nou
911 1369 983 1432 sert:
999 1367 1087 1426 seras.

112 1449 197 1511 Illam
213 1451 280 1510 hinc
294 1451 387 1512 civem
398 1453 574 1512 esseniunt:
589 1472 661 1529 puer
671 1463 717 1511 est
731 1461 835 1511 natue:
850 1471 905 1512 uos
917 1451 1022 1511 mirsos
1035 1447 1110 1504 face.

113 1529 157 1592 St.
174 1533 230 1592 Per
244 1553 300 1610 ego
315 1542 342 1590 te
357 1535 439 1592 Deos
455 1552 517 1602 oro,
533 1543 615 1590 utne
630 1530 685 1590 illis
699 1531 824 1590 animum
840 1531 961 1590 inducar
976 1527 1109 1594 credere,

113 1612 227 1678 Quibus
244 1611 272 1668 id
287 1614 423 1670 maxume
439 1611 508 1668 utile
523 1614 569 1682 'st,
585 1610 666 1670 illum
681 1631 745 1670 esse
761 1610 846 1688 quim
859 1609 1061 1670 deterrimum.

112 1691 289 1766 Nuptiarum
302 1690 397 1767 gratid
413 1689 476 1748 haec
494 1701 560 1750 sunt
576 1689 657 1760 licta,
672 1700 761 1766 atque
775 1691 892 1768 incepta
905 1689 1014 1747 omnia.

114 1771 174 1832 Ubi
196 1767 352 1906 eadcuusa,
377 1770 571 1846 quamohrem
594 1771 658 1830 baec
684 1769 807 1840 saciant,
836 1771 892 1829 erit
919 1769 1033 1831 ademta
1057 1766 1111 1834 lrls,

259 1849 383 1908 esinent.

119 1930 170 1990 Ch.
185 1928 289 2068 Errrgsr
312 1949 379 1992 cum
395 1929 480 1988 Davo
493 1941 609 2008 egomet
621 1929 680 1990 vidi
695 1929 865 2008 jurgantem
886 1927 1030 1987 ancillam.
1067 1927 1111 1986 Si.

264 2027 322 2068 cro.

122 2089 174 2150 Ch.
190 2093 228 2147 At
245 2107 314 2146 vero
331 2083 429 2158 rolt'u5
454 2109 532 2162 cum,
547 2089 588 2150 ibi
600 2109 645 2148 me
659 2087 773 2160 adesse,
789 2100 891 2152 neuter
907 2101 969 2150 tum
984 2103 1114 2165 praesen·

239 2179 323 2228 serat.
1079 2173 1116 2227 20

123 2248 165 2308 st.
186 2246 283 2306 Credo
296 2270 305 2318 3
320 2255 350 2307 et
365 2247 393 2306 id
410 2248 548 2318 facturas,
566 2250 663 2306 Daros
679 2247 790 2308 dudum
806 2249 943 2326 praedixit
958 2251 1038 2310 mihi.

120 2327 159 2386 Et
173 2330 270 2388 nescio
286 2327 357 2410 quid
375 2329 428 2387 tibi
442 2349 505 2390 sum
520 2328 630 2388 oblitus
645 2329 742 2400 bodie,
758 2349 792 2389 ac
809 2330 898 2401 volui,
912 2330 1019 2390 dicere.

518 2535 649 2595 SCENA
681 2537 719 2595 ll.

273 2687 408 2748 Davus.
450 2688 638 2748 Curemus.
682 2691 787 2772 srmo.
830 2691 976 2750 Dromo.

126 2843 190 2904 Do.
204 2843 329 2901 ΑΝῐΜο
346 2859 423 2902 nunc
432 2839 496 2918 jam
513 2841 814 2922 otiosoesseimpero.
851 2847 903 2904 Ch.
920 2847 994 2904 Hem
1007 2849 1117 2910 Davom
1184 2835 1185 2910 i

245 2922 308 2980 tibi.
360 2977 364 2989 ,

127 3002 171 3061 st.
185 3000 272 3062 Unde
285 3001 453 3078 egredituri
480 3003 544 3062 Do.
559 3003 630 3062 Meo
643 3002 783 3082 praesidio
797 3013 886 3082 atque
898 3005 1029 3084 hospitis.
1075 3008 1118 3068 Sr'.

185 3077 190 3090 '
247 3081 327 3150 Quid
339 3081 408 3139 illud
425 3081 492 3140 mali
507 3083 566 3142 ’sti

128 3163 193 3222 Du.
215 3163 279 3238 Ego
298 3161 526 3220 commodiorem
543 3163 698 3234 bominem,
713 3161 884 3238 adveutum,
909 3171 1036 3242 tempus,
1061 3185 1117 3226 nnn
1184 3159 1185 3226 l

249 3239 318 3298 vidi.
362 3240 404 3300 Si.
420 3241 532 3309 Scelus,

130 3323 294 3393 Quemnam
311 3319 358 3379 bic
373 3319 495 3379 laudatl
517 3321 581 3382 Do.
603 3322 706 3382 Omnis
716 3341 760 3380 res
773 3323 888 3402 estjam
904 3323 1032 3383 invado.
1076 3325 1118 3384 St.

251 3400 341 3459 Cesso
355 3399 497 3478 adloquii

17 3521 18 3530 .
132 3481 194 3542 Do.
210 3481 307 3541 Herus
322 3481 479 3558 estz'quid
494 3482 603 3558 egam'l
633 3481 675 3541 St.
702 3481 732 3540 0
754 3483 842 3554 salve,
867 3483 945 3544 bone
961 3483 1012 3542 vir.
1058 3484 1118 3543 Du.

252 3560 342 3621 Ehem
357 3560 438 3621 Simo
452 3561 459 3619 l
481 3580 499 3620 o
513 3570 613 3621 noster
626 3562 766 3622 Chreme!
