<?xml version="1.0" encoding="UTF-8"?>
<!DOCTYPE html PUBLIC "-//W3C//DTD XHTML 1.0 Transitional//EN"
    "http://www.w3.org/TR/xhtml1/DTD/xhtml1-transitional.dtd">
<html xmlns="http://www.w3.org/1999/xhtml" xml:lang="en" lang="en">
 <head>
  <title>
</title>
<meta http-equiv="Content-Type" content="text/html;charset=utf-8" />
  <meta name='ocr-system' content='tesseract 3.04.00' />
  <meta name='ocr-capabilities' content='ocr_page ocr_carea ocr_par ocr_line ocrx_word'/>
</head>
<body>
  <div class='ocr_page' id='page_1' title='image "./publiiterentiia05teregoog/publiiterentiia05teregoog_0229.png"; bbox 0 0 2402 4036; ppageno 0'>
   <div class='ocr_carea' id='block_1_1' title="bbox 89 359 706 423">
    <p class='ocr_par' dir='ltr' id='par_1_1' title="bbox 89 359 706 423">
     <span class='ocr_line' id='line_1_1' title="bbox 89 359 706 423; baseline 0.002 -2"><span class='ocrx_word' id='word_1_1' title='bbox 89 367 150 421; x_wconf 75' lang='lat'><strong>212</strong></span> <span class='ocrx_word' id='word_1_2' title='bbox 498 359 706 423; x_wconf 82' lang='lat' dir='ltr'><strong>PHORMIO.</strong></span> 
     </span>
    </p>
   </div>
   <div class='ocr_carea' id='block_1_2' title="bbox 84 512 1096 1553">
    <p class='ocr_par' dir='ltr' id='par_1_2' title="bbox 88 512 995 594">
     <span class='ocr_line' id='line_1_2' title="bbox 88 512 995 594; baseline 0.002 -20"><span class='ocrx_word' id='word_1_3' title='bbox 88 513 130 574; x_wconf 84' lang='lat' dir='ltr'><strong>Ut</strong></span> <span class='ocrx_word' id='word_1_4' title='bbox 143 512 304 594; x_wconf 69' lang='lat' dir='ltr'><strong>phaleratis</strong></span> <span class='ocrx_word' id='word_1_5' title='bbox 316 513 404 574; x_wconf 78' lang='lat' dir='ltr'><strong>dictis</strong></span> <span class='ocrx_word' id='word_1_6' title='bbox 416 513 511 575; x_wconf 82' lang='lat' dir='ltr'><strong>dunos</strong></span> <span class='ocrx_word' id='word_1_7' title='bbox 526 535 584 588; x_wconf 81' lang='lat' dir='ltr'><strong>nne,</strong></span> <span class='ocrx_word' id='word_1_8' title='bbox 599 524 630 575; x_wconf 83' lang='lat' dir='ltr'><strong>et</strong></span> <span class='ocrx_word' id='word_1_9' title='bbox 644 533 742 575; x_wconf 82' lang='lat' dir='ltr'><strong>meam</strong></span> <span class='ocrx_word' id='word_1_10' title='bbox 755 514 860 576; x_wconf 85' lang='lat' dir='ltr'><strong>ductes</strong></span> <span class='ocrx_word' id='word_1_11' title='bbox 873 514 995 594; x_wconf 77' lang='lat' dir='ltr'><strong>gratiisl</strong></span> 
     </span>
    </p>

    <p class='ocr_par' dir='ltr' id='par_1_3' title="bbox 87 593 1090 665">
     <span class='ocr_line' id='line_1_3' title="bbox 87 593 1090 665; baseline -0.002 -9"><span class='ocrx_word' id='word_1_12' title='bbox 87 593 152 657; x_wconf 72' lang='lat' dir='ltr'><strong>Ae.</strong></span> <span class='ocrx_word' id='word_1_13' title='bbox 172 593 337 654; x_wconf 75' lang='lat' dir='ltr'>Miseritum</span> <span class='ocrx_word' id='word_1_14' title='bbox 351 595 399 654; x_wconf 69' lang='grc' dir='ltr'><strong>ἐι.</strong></span> <span class='ocrx_word' id='word_1_15' title='bbox 441 595 533 656; x_wconf 81' lang='lat' dir='ltr'><strong>Puae.</strong></span> <span class='ocrx_word' id='word_1_16' title='bbox 556 596 632 656; x_wconf 83' lang='lat' dir='ltr'><strong>Hei!</strong></span> <span class='ocrx_word' id='word_1_17' title='bbox 655 595 732 656; x_wconf 81' lang='lat' dir='ltr'><strong>veris</strong></span> <span class='ocrx_word' id='word_1_18' title='bbox 756 595 868 656; x_wconf 84' lang='lat' dir='ltr'><strong>vincor.</strong></span> <span class='ocrx_word' id='word_1_19' title='bbox 912 595 966 656; x_wconf 85' lang='lat' dir='ltr'><strong>Ge.</strong></span> <span class='ocrx_word' id='word_1_20' title='bbox 989 594 1090 665; x_wconf 78' lang='lat' dir='ltr'><strong>Qulm</strong></span> 
     </span>
    </p>

    <p class='ocr_par' dir='ltr' id='par_1_4' title="bbox 94 673 591 754">
     <span class='ocr_line' id='line_1_4' title="bbox 94 673 591 754; baseline 0.006 -20"><span class='ocrx_word' id='word_1_21' title='bbox 94 703 107 748; x_wconf 51' lang='grc' dir='ltr'><strong>χ</strong></span> <span class='ocrx_word' id='word_1_22' title='bbox 209 684 333 754; x_wconf 87' lang='lat' dir='ltr'><strong>uterque</strong></span> <span class='ocrx_word' id='word_1_23' title='bbox 348 673 510 735; x_wconf 79' lang='lat' dir='ltr'><strong>estsimilis</strong></span> <span class='ocrx_word' id='word_1_24' title='bbox 524 675 591 737; x_wconf 86' lang='lat' dir='ltr'><strong>sui!</strong></span> 
     </span>
    </p>

    <p class='ocr_par' dir='ltr' id='par_1_5' title="bbox 85 753 1090 908">
     <span class='ocr_line' id='line_1_5' title="bbox 85 753 1090 892; baseline 0.001 -79"><span class='ocrx_word' id='word_1_25' title='bbox 85 753 180 815; x_wconf 64' lang='lat' dir='ltr'><strong>Plo.</strong></span> <span class='ocrx_word' id='word_1_26' title='bbox 200 753 316 892; x_wconf 55' lang='lat' dir='ltr'><strong>igpque,</strong></span> <span class='ocrx_word' id='word_1_27' title='bbox 338 755 472 835; x_wconf 80' lang='lat' dir='ltr'><strong>Antipho</strong></span> <span class='ocrx_word' id='word_1_28' title='bbox 484 756 543 816; x_wconf 78' lang='lat' dir='ltr'><strong>alit</strong></span> <span class='ocrx_word' id='word_1_29' title='bbox 567 775 659 836; x_wconf 90' lang='lat' dir='ltr'><strong>quum</strong></span> <span class='ocrx_word' id='word_1_30' title='bbox 674 761 838 835; x_wconf 82' lang='lat' dir='ltr'><strong>occupatus</strong></span> <span class='ocrx_word' id='word_1_31' title='bbox 852 754 1090 815; x_wconf 83' lang='lat' dir='ltr'><strong>esset&#39;soltinitu·</strong></span> 
     </span>
     <span class='ocr_line' id='line_1_6' title="bbox 231 851 875 908; baseline -0.005 -14"><span class='ocrx_word' id='word_1_32' title='bbox 231 854 290 908; x_wconf 78' lang='lat' dir='ltr'><strong>ine,</strong></span> <span class='ocrx_word' id='word_1_33' title='bbox 823 879 829 894; x_wconf 90' lang='lat'>.</span> <span class='ocrx_word' id='word_1_34' title='bbox 871 851 875 860; x_wconf 92' lang='lat'><strong>·</strong></span> 
     </span>
    </p>

    <p class='ocr_par' dir='ltr' id='par_1_6' title="bbox 86 913 1096 1066">
     <span class='ocr_line' id='line_1_7' title="bbox 86 913 1096 994; baseline 0 -20"><span class='ocrx_word' id='word_1_35' title='bbox 86 913 163 974; x_wconf 83' lang='lat' dir='ltr'><strong>Tum</strong></span> <span class='ocrx_word' id='word_1_36' title='bbox 177 913 236 974; x_wconf 84' lang='lat' dir='ltr'><strong>hoo</strong></span> <span class='ocrx_word' id='word_1_37' title='bbox 250 935 314 976; x_wconf 81' lang='lat' dir='ltr'><strong>esse</strong></span> <span class='ocrx_word' id='word_1_38' title='bbox 325 915 396 974; x_wconf 86' lang='lat' dir='ltr'><strong>mihi</strong></span> <span class='ocrx_word' id='word_1_39' title='bbox 410 913 561 990; x_wconf 56' lang='lat' dir='ltr'><strong>nluieotum</strong></span> <span class='ocrx_word' id='word_1_40' title='bbox 575 915 684 976; x_wconf 82' lang='lat' dir='ltr'><strong>molum</strong></span> <span class='ocrx_word' id='word_1_41' title='bbox 699 915 707 973; x_wconf 93' lang='lat' dir='ltr'><strong>l</strong></span> <span class='ocrx_word' id='word_1_42' title='bbox 748 914 812 974; x_wconf 82' lang='lat' dir='ltr'><strong>An.</strong></span> <span class='ocrx_word' id='word_1_43' title='bbox 836 915 900 974; x_wconf 81' lang='lat' dir='ltr'><strong>Ah!</strong></span> <span class='ocrx_word' id='word_1_44' title='bbox 923 913 994 994; x_wconf 89' lang='lat' dir='ltr'><strong>quid</strong></span> <span class='ocrx_word' id='word_1_45' title='bbox 1010 915 1096 982; x_wconf 51' lang='lat' dir='ltr'><strong>istuc¹</strong></span> 
     </span>
     <span class='ocr_line' id='line_1_8' title="bbox 206 994 563 1066; baseline 0 -12"><span class='ocrx_word' id='word_1_46' title='bbox 206 1002 305 1054; x_wconf 75' lang='lat' dir='ltr'><strong>autem</strong></span> <span class='ocrx_word' id='word_1_47' title='bbox 318 1003 373 1066; x_wconf 81' lang='lat' dir='ltr'><strong>eet,</strong></span> <span class='ocrx_word' id='word_1_48' title='bbox 399 994 536 1053; x_wconf 78' lang='lat' dir='ltr'><strong>Pnaedris</strong></span> <span class='ocrx_word' id='word_1_49' title='bbox 549 996 563 1054; x_wconf 86' lang='lat' dir='ltr'><strong>l</strong></span> 
     </span>
    </p>

    <p class='ocr_par' dir='ltr' id='par_1_7' title="bbox 87 1071 1086 1230">
     <span class='ocr_line' id='line_1_9' title="bbox 87 1071 1086 1154; baseline 0 -22"><span class='ocrx_word' id='word_1_50' title='bbox 87 1072 178 1132; x_wconf 73' lang='lat' dir='ltr'><em>1²1·ae.</em></span> <span class='ocrx_word' id='word_1_51' title='bbox 193 1071 222 1132; x_wconf 94' lang='grc' dir='ltr'>Ο</span> <span class='ocrx_word' id='word_1_52' title='bbox 237 1073 465 1134; x_wconf 71' lang='lat' dir='ltr'><strong>fortunatissime</strong></span> <span class='ocrx_word' id='word_1_53' title='bbox 476 1074 626 1152; x_wconf 86' lang='lat' dir='ltr'><strong>Antipho!</strong></span> <span class='ocrx_word' id='word_1_54' title='bbox 668 1073 731 1134; x_wconf 81' lang='lat' dir='ltr'><strong>An.</strong></span> <span class='ocrx_word' id='word_1_55' title='bbox 745 1073 872 1154; x_wconf 83' lang='lat' dir='ltr'><strong>Egonel</strong></span> <span class='ocrx_word' id='word_1_56' title='bbox 914 1073 1005 1132; x_wconf 74' lang='lat' dir='ltr'><strong>Puoe.</strong></span> <span class='ocrx_word' id='word_1_57' title='bbox 1017 1073 1086 1146; x_wconf 88' lang='lat' dir='ltr'><strong>Cui,</strong></span> 
     </span>
     <span class='ocr_line' id='line_1_10' title="bbox 205 1152 560 1230; baseline 0.006 -19"><span class='ocrx_word' id='word_1_58' title='bbox 205 1153 285 1230; x_wconf 86' lang='lat' dir='ltr'><strong>quod</strong></span> <span class='ocrx_word' id='word_1_59' title='bbox 300 1173 391 1225; x_wconf 82' lang='lat' dir='ltr'><strong>omns,</strong></span> <span class='ocrx_word' id='word_1_60' title='bbox 407 1152 488 1212; x_wconf 89' lang='lat' dir='ltr'><strong>domi</strong></span> <span class='ocrx_word' id='word_1_61' title='bbox 503 1155 560 1222; x_wconf 85' lang='lat' dir='ltr'><strong>&#39;st;</strong></span> 
     </span>
    </p>

    <p class='ocr_par' dir='ltr' id='par_1_8' title="bbox 84 1229 1088 1375">
     <span class='ocr_line' id='line_1_11' title="bbox 84 1229 1088 1370; baseline 0 -78"><span class='ocrx_word' id='word_1_62' title='bbox 84 1231 150 1292; x_wconf 82' lang='lat' dir='ltr'><strong>Neo</strong></span> <span class='ocrx_word' id='word_1_63' title='bbox 173 1233 433 1370; x_wconf 63' lang='lat' dir='ltr'><strong>onmlhujusmodi</strong></span> <span class='ocrx_word' id='word_1_64' title='bbox 462 1251 603 1314; x_wconf 81' lang='lat' dir='ltr'><strong>umquam</strong></span> <span class='ocrx_word' id='word_1_65' title='bbox 631 1254 700 1294; x_wconf 91' lang='lat' dir='ltr'><strong>usus</strong></span> <span class='ocrx_word' id='word_1_66' title='bbox 727 1233 818 1304; x_wconf 83' lang='lat' dir='ltr'><strong>venit,</strong></span> <span class='ocrx_word' id='word_1_67' title='bbox 843 1239 875 1290; x_wconf 89' lang='lat' dir='ltr'><strong>ut</strong></span> <span class='ocrx_word' id='word_1_68' title='bbox 900 1229 1088 1292; x_wconf 79' lang='lat' dir='ltr'><strong>conflictares</strong></span> 
     </span>
     <span class='ocr_line' id='line_1_12' title="bbox 204 1322 1088 1375; baseline 0 -3"><span class='ocrx_word' id='word_1_69' title='bbox 204 1333 295 1373; x_wconf 82' lang='lat' dir='ltr'><strong>mon.</strong></span> <span class='ocrx_word' id='word_1_70' title='bbox 1046 1322 1088 1375; x_wconf 79' lang='lat'><strong>20</strong></span> 
     </span>
    </p>

    <p class='ocr_par' dir='ltr' id='par_1_9' title="bbox 84 1390 1086 1553">
     <span class='ocr_line' id='line_1_13' title="bbox 84 1390 1086 1532; baseline -0.001 -80"><span class='ocrx_word' id='word_1_71' title='bbox 84 1391 148 1453; x_wconf 78' lang='lat' dir='ltr'><strong>An.</strong></span> <span class='ocrx_word' id='word_1_72' title='bbox 172 1392 275 1532; x_wconf 56' lang='lat' dir='ltr'><strong>Mphin&#39;</strong></span> <span class='ocrx_word' id='word_1_73' title='bbox 288 1393 369 1454; x_wconf 89' lang='lat' dir='ltr'><strong>domi</strong></span> <span class='ocrx_word' id='word_1_74' title='bbox 384 1392 447 1454; x_wconf 82' lang='lat' dir='ltr'><strong>’etl</strong></span> <span class='ocrx_word' id='word_1_75' title='bbox 468 1393 569 1466; x_wconf 91' lang='lat' dir='ltr'><strong>immo,</strong></span> <span class='ocrx_word' id='word_1_76' title='bbox 591 1390 621 1450; x_wconf 94' lang='lat' dir='ltr'><strong>id</strong></span> <span class='ocrx_word' id='word_1_77' title='bbox 637 1392 717 1471; x_wconf 89' lang='lat' dir='ltr'><strong>quod</strong></span> <span class='ocrx_word' id='word_1_78' title='bbox 736 1392 829 1464; x_wconf 89' lang='lat' dir='ltr'><strong>niunt,</strong></span> <span class='ocrx_word' id='word_1_79' title='bbox 853 1393 975 1452; x_wconf 82' lang='lat' dir='ltr'><strong>nuribus</strong></span> <span class='ocrx_word' id='word_1_80' title='bbox 996 1402 1086 1454; x_wconf 85' lang='lat' dir='ltr'><strong>tenen</strong></span> 
     </span>
     <span class='ocr_line' id='line_1_14' title="bbox 216 1483 819 1553; baseline 0.002 -21"><span class='ocrx_word' id='word_1_81' title='bbox 216 1494 318 1553; x_wconf 92' lang='lat' dir='ltr'><strong>upum.</strong></span> <span class='ocrx_word' id='word_1_82' title='bbox 768 1483 776 1498; x_wconf 83' lang='lat'><em>&#39;</em></span> <span class='ocrx_word' id='word_1_83' title='bbox 817 1497 819 1501; x_wconf 69' lang='grc'>’</span> 
     </span>
    </p>
   </div>
   <div class='ocr_carea' id='block_1_3' title="bbox 32 1550 1199 1632">
    <p class='ocr_par' dir='ltr' id='par_1_10' title="bbox 32 1550 1199 1632">
     <span class='ocr_line' id='line_1_15' title="bbox 32 1550 1199 1632; baseline 0 -20"><span class='ocrx_word' id='word_1_84' title='bbox 32 1613 35 1632; x_wconf 65' lang='lat'>‚</span> <span class='ocrx_word' id='word_1_85' title='bbox 82 1550 160 1614; x_wconf 82' lang='lat' dir='ltr'><strong>Nam</strong></span> <span class='ocrx_word' id='word_1_86' title='bbox 174 1550 837 1632; x_wconf 79' lang='lat' dir='ltr'><strong>nequequomodonmeamittam,invenio;</strong></span> <span class='ocrx_word' id='word_1_87' title='bbox 859 1571 966 1630; x_wconf 84' lang='lat' dir='ltr'><strong>noque,</strong></span> <span class='ocrx_word' id='word_1_88' title='bbox 982 1553 1085 1612; x_wconf 83' lang='lat' dir='ltr'><strong>utire·</strong></span> <span class='ocrx_word' id='word_1_89' title='bbox 1198 1577 1199 1584; x_wconf 48' lang='lat'>¹</span> 
     </span>
    </p>
   </div>
   <div class='ocr_carea' id='block_1_4' title="bbox 80 1633 1095 3392">
    <p class='ocr_par' dir='ltr' id='par_1_11' title="bbox 80 1633 1095 3392">
     <span class='ocr_line' id='line_1_16' title="bbox 205 1633 869 1707; baseline 0 -15"><span class='ocrx_word' id='word_1_90' title='bbox 205 1633 324 1707; x_wconf 79' lang='lat' dir='ltr'><strong>tineam,</strong></span> <span class='ocrx_word' id='word_1_91' title='bbox 341 1633 414 1693; x_wconf 84' lang='lat' dir='ltr'><strong>snio.</strong></span> <span class='ocrx_word' id='word_1_92' title='bbox 866 1668 869 1677; x_wconf 90' lang='lat'>·</span> 
     </span>
     <span class='ocr_line' id='line_1_17' title="bbox 84 1709 1085 1806; baseline -0.002 -32"><span class='ocrx_word' id='word_1_93' title='bbox 84 1715 146 1775; x_wconf 86' lang='lat' dir='ltr'><strong>Do.</strong></span> <span class='ocrx_word' id='word_1_94' title='bbox 161 1715 264 1806; x_wconf 80' lang='lat' dir='ltr'><strong>Ipsum</strong></span> <span class='ocrx_word' id='word_1_95' title='bbox 278 1715 355 1773; x_wconf 85' lang='lat' dir='ltr'><strong>istun</strong></span> <span class='ocrx_word' id='word_1_96' title='bbox 369 1713 439 1772; x_wconf 89' lang='lat' dir='ltr'><strong>mihi</strong></span> <span class='ocrx_word' id='word_1_97' title='bbox 450 1711 479 1770; x_wconf 90' lang='lat' dir='ltr'><strong>in</strong></span> <span class='ocrx_word' id='word_1_98' title='bbox 495 1711 552 1769; x_wconf 85' lang='lat' dir='ltr'><strong>hoc</strong></span> <span class='ocrx_word' id='word_1_99' title='bbox 571 1719 628 1770; x_wconf 85' lang='lat' dir='ltr'><strong>est.</strong></span> <span class='ocrx_word' id='word_1_100' title='bbox 670 1709 734 1770; x_wconf 81' lang='lat' dir='ltr'><strong>An.</strong></span> <span class='ocrx_word' id='word_1_101' title='bbox 751 1711 824 1772; x_wconf 82' lang='lat' dir='ltr'><strong>Eia!</strong></span> <span class='ocrx_word' id='word_1_102' title='bbox 847 1733 882 1774; x_wconf 86' lang='lat' dir='ltr'><strong>ne</strong></span> <span class='ocrx_word' id='word_1_103' title='bbox 896 1735 1002 1796; x_wconf 83' lang='lat' dir='ltr'><strong>porum</strong></span> <span class='ocrx_word' id='word_1_104' title='bbox 1017 1715 1085 1774; x_wconf 86' lang='lat' dir='ltr'><strong>leno</strong></span> 
     </span>
     <span class='ocr_line' id='line_1_18' title="bbox 80 1811 1086 1964; baseline -0.001 -30"><span class='ocrx_word' id='word_1_105' title='bbox 80 1811 298 1964; x_wconf 60' lang='lat' dir='ltr'><strong>Numquicleiiio</strong></span> <span class='ocrx_word' id='word_1_106' title='bbox 312 1869 465 1964; x_wconf 75' lang='lat' dir='ltr'><strong>ponfecitl</strong></span> <span class='ocrx_word' id='word_1_107' title='bbox 508 1869 597 1930; x_wconf 77' lang='lat' dir='ltr'><strong>Puae.</strong></span> <span class='ocrx_word' id='word_1_108' title='bbox 621 1869 870 1952; x_wconf 76' lang='lat' dir='ltr'><strong>Hinoinei,quod</strong></span> <span class='ocrx_word' id='word_1_109' title='bbox 894 1875 983 1935; x_wconf 86' lang='lat' dir='ltr'><strong>homo</strong></span> <span class='ocrx_word' id='word_1_110' title='bbox 996 1875 1086 1934; x_wconf 90' lang='lat' dir='ltr'><strong>inhu-</strong></span> 
     </span>
     <span class='ocr_line' id='line_1_19' title="bbox 83 1969 1085 2127; baseline 0.001 -35"><span class='ocrx_word' id='word_1_111' title='bbox 83 1969 526 2127; x_wconf 49' lang='lat' dir='ltr'><strong>somnialill&#39;lluon</strong></span> <span class='ocrx_word' id='word_1_112' title='bbox 564 2029 617 2090; x_wconf 74' lang='lat' dir='ltr'><strong>oe.</strong></span> <span class='ocrx_word' id='word_1_113' title='bbox 635 2030 738 2099; x_wconf 78' lang='lat' dir='ltr'><strong>Quint</strong></span> <span class='ocrx_word' id='word_1_114' title='bbox 753 2031 906 2094; x_wconf 70' lang='lat' dir='ltr'><strong>venduut</strong></span> <span class='ocrx_word' id='word_1_115' title='bbox 928 2035 1085 2096; x_wconf 63' lang='lat' dir='ltr'><strong>Ausus</strong></span> 
     </span>
     <span class='ocr_line' id='line_1_20' title="bbox 85 2113 1089 2270; baseline 0.002 -18"><span class='ocrx_word' id='word_1_116' title='bbox 85 2192 175 2252; x_wconf 68' lang='grc' dir='ltr'><strong>ΡΜ.</strong></span> <span class='ocrx_word' id='word_1_117' title='bbox 197 2113 361 2252; x_wconf 53' lang='lat' dir='ltr'><strong>liiiieiiii</strong></span> <span class='ocrx_word' id='word_1_118' title='bbox 393 2192 456 2252; x_wconf 87' lang='lat' dir='ltr'><strong>Do.</strong></span> <span class='ocrx_word' id='word_1_119' title='bbox 477 2189 571 2258; x_wconf 71' lang='lat' dir='ltr'><strong>Quin]</strong></span> <span class='ocrx_word' id='word_1_120' title='bbox 595 2189 746 2270; x_wconf 87' lang='lat' dir='ltr'><strong>indignum</strong></span> <span class='ocrx_word' id='word_1_121' title='bbox 774 2191 911 2252; x_wconf 78' lang='lat' dir='ltr'><strong>facinus!</strong></span> <span class='ocrx_word' id='word_1_122' title='bbox 947 2194 1089 2254; x_wconf 74' lang='lat' dir='ltr'><strong>ancillam</strong></span> 
     </span>
     <span class='ocr_line' id='line_1_21' title="bbox 207 2283 467 2332; baseline -0.008 0"><span class='ocrx_word' id='word_1_123' title='bbox 207 2283 389 2332; x_wconf 78' lang='lat' dir='ltr'><strong>aereemtam</strong></span> <span class='ocrx_word' id='word_1_124' title='bbox 403 2290 467 2330; x_wconf 87' lang='lat' dir='ltr'><strong>suo.</strong></span> 
     </span>
     <span class='ocr_line' id='line_1_22' title="bbox 86 2351 1090 2432; baseline 0.002 -20"><span class='ocrx_word' id='word_1_125' title='bbox 86 2351 177 2412; x_wconf 69' lang='lat' dir='ltr'><strong>Pto.</strong></span> <span class='ocrx_word' id='word_1_126' title='bbox 198 2353 323 2432; x_wconf 84' lang='lat' dir='ltr'>Nequeo</span> <span class='ocrx_word' id='word_1_127' title='bbox 336 2370 468 2423; x_wconf 77' lang='lat' dir='ltr'><strong>exorare,</strong></span> <span class='ocrx_word' id='word_1_128' title='bbox 493 2359 527 2408; x_wconf 86' lang='lat' dir='ltr'><strong>nt</strong></span> <span class='ocrx_word' id='word_1_129' title='bbox 547 2370 594 2409; x_wconf 87' lang='lat' dir='ltr'><strong>me</strong></span> <span class='ocrx_word' id='word_1_130' title='bbox 608 2361 733 2424; x_wconf 75' lang='lat' dir='ltr'><strong>innitent,</strong></span> <span class='ocrx_word' id='word_1_131' title='bbox 755 2360 786 2410; x_wconf 88' lang='lat' dir='ltr'><strong>et</strong></span> <span class='ocrx_word' id='word_1_132' title='bbox 800 2372 867 2414; x_wconf 89' lang='lat' dir='ltr'><strong>cum</strong></span> <span class='ocrx_word' id='word_1_133' title='bbox 878 2353 931 2413; x_wconf 87' lang='lat' dir='ltr'><strong>illo</strong></span> <span class='ocrx_word' id='word_1_134' title='bbox 947 2364 979 2414; x_wconf 89' lang='lat' dir='ltr'><strong>ut</strong></span> <span class='ocrx_word' id='word_1_135' title='bbox 992 2363 1090 2414; x_wconf 85' lang='lat' dir='ltr'><strong>mutet</strong></span> 
     </span>
     <span class='ocr_line' id='line_1_23' title="bbox 85 2431 1090 2593; baseline -0.002 -19"><span class='ocrx_word' id='word_1_136' title='bbox 85 2431 310 2585; x_wconf 57' lang='lat' dir='ltr'><strong>Triduunidhetii:</strong></span> <span class='ocrx_word' id='word_1_137' title='bbox 325 2513 396 2572; x_wconf 91' lang='lat' dir='ltr'><strong>dum</strong></span> <span class='ocrx_word' id='word_1_138' title='bbox 411 2512 452 2585; x_wconf 90' lang='lat' dir='ltr'><strong>id,</strong></span> <span class='ocrx_word' id='word_1_139' title='bbox 468 2510 549 2589; x_wconf 87' lang='lat' dir='ltr'><strong>quod</strong></span> <span class='ocrx_word' id='word_1_140' title='bbox 562 2520 607 2570; x_wconf 89' lang='lat' dir='ltr'><strong>est</strong></span> <span class='ocrx_word' id='word_1_141' title='bbox 620 2511 807 2590; x_wconf 83' lang='lat' dir='ltr'><strong>promissum,</strong></span> <span class='ocrx_word' id='word_1_142' title='bbox 818 2512 857 2572; x_wconf 82' lang='lat' dir='ltr'><strong>nb</strong></span> <span class='ocrx_word' id='word_1_143' title='bbox 866 2513 970 2574; x_wconf 84' lang='lat' dir='ltr'><strong>ominis</strong></span> <span class='ocrx_word' id='word_1_144' title='bbox 980 2533 1090 2593; x_wconf 83' lang='lat' dir='ltr'><strong>argen-</strong></span> 
     </span>
     <span class='ocr_line' id='line_1_24' title="bbox 89 2592 1064 2752; baseline 0.002 -20"><span class='ocrx_word' id='word_1_145' title='bbox 89 2673 121 2732; x_wconf 88' lang='lat' dir='ltr'><strong>Si</strong></span> <span class='ocrx_word' id='word_1_146' title='bbox 133 2680 196 2731; x_wconf 91' lang='lat' dir='ltr'><strong>tum</strong></span> <span class='ocrx_word' id='word_1_147' title='bbox 208 2601 272 2732; x_wconf 68' lang='lat' dir='ltr'><strong>iunii</strong></span> <span class='ocrx_word' id='word_1_148' title='bbox 282 2592 405 2743; x_wconf 61' lang='lat' dir='ltr'><strong>(iiiiii,</strong></span> <span class='ocrx_word' id='word_1_149' title='bbox 421 2688 508 2730; x_wconf 82' lang='lat' dir='ltr'><strong>unam</strong></span> <span class='ocrx_word' id='word_1_150' title='bbox 522 2678 665 2748; x_wconf 79' lang='lat' dir='ltr'><strong>praeteren</strong></span> <span class='ocrx_word' id='word_1_151' title='bbox 679 2669 827 2731; x_wconf 76' lang='lat' dir='ltr'><strong>horumne</strong></span> <span class='ocrx_word' id='word_1_152' title='bbox 841 2683 982 2752; x_wconf 86' lang='lat' dir='ltr'><strong>oppertus</strong></span> <span class='ocrx_word' id='word_1_153' title='bbox 996 2676 1064 2734; x_wconf 81' lang='lat' dir='ltr'><strong>sies.</strong></span> 
     </span>
     <span class='ocr_line' id='line_1_25' title="bbox 91 2749 1090 2836; baseline 0 -22"><span class='ocrx_word' id='word_1_154' title='bbox 91 2753 154 2814; x_wconf 77' lang='lat' dir='ltr'><strong>Du.</strong></span> <span class='ocrx_word' id='word_1_155' title='bbox 169 2751 331 2836; x_wconf 85' lang='lat' dir='ltr'><strong>Obtundis.</strong></span> <span class='ocrx_word' id='word_1_156' title='bbox 373 2749 437 2810; x_wconf 80' lang='lat' dir='ltr'><strong>An.</strong></span> <span class='ocrx_word' id='word_1_157' title='bbox 452 2749 539 2808; x_wconf 80' lang='lat' dir='ltr'><strong>Haud</strong></span> <span class='ocrx_word' id='word_1_158' title='bbox 550 2749 723 2826; x_wconf 83' lang='lat' dir='ltr'><strong>longumest</strong></span> <span class='ocrx_word' id='word_1_159' title='bbox 733 2750 775 2821; x_wconf 84' lang='lat' dir='ltr'><strong>id,</strong></span> <span class='ocrx_word' id='word_1_160' title='bbox 790 2755 871 2830; x_wconf 77' lang='lat' dir='ltr'><strong>qitod</strong></span> <span class='ocrx_word' id='word_1_161' title='bbox 883 2766 957 2827; x_wconf 80' lang='lat' dir='ltr'><strong>orat,</strong></span> <span class='ocrx_word' id='word_1_162' title='bbox 975 2755 1090 2814; x_wconf 84' lang='lat' dir='ltr'><strong>Dorio:</strong></span> 
     </span>
     <span class='ocr_line' id='line_1_26' title="bbox 210 2831 1091 2903; baseline 0.003 -12"><span class='ocrx_word' id='word_1_163' title='bbox 210 2840 322 2903; x_wconf 81' lang='lat' dir='ltr'><strong>exoret,</strong></span> <span class='ocrx_word' id='word_1_164' title='bbox 336 2831 415 2891; x_wconf 83' lang='lat' dir='ltr'><strong>sine:</strong></span> <span class='ocrx_word' id='word_1_165' title='bbox 1047 2837 1091 2898; x_wconf 79' lang='lat'><strong>80</strong></span> 
     </span>
     <span class='ocr_line' id='line_1_27' title="bbox 90 2909 1091 2992; baseline 0.005 -20"><span class='ocrx_word' id='word_1_166' title='bbox 90 2913 175 2974; x_wconf 80' lang='lat' dir='ltr'><strong>Idem</strong></span> <span class='ocrx_word' id='word_1_167' title='bbox 189 2913 247 2973; x_wconf 88' lang='lat' dir='ltr'><strong>hoc</strong></span> <span class='ocrx_word' id='word_1_168' title='bbox 261 2913 326 2986; x_wconf 89' lang='lat' dir='ltr'><strong>tibi,</strong></span> <span class='ocrx_word' id='word_1_169' title='bbox 341 2911 421 2992; x_wconf 90' lang='lat' dir='ltr'><strong>qnod</strong></span> <span class='ocrx_word' id='word_1_170' title='bbox 438 2909 513 2970; x_wconf 83' lang='lat' dir='ltr'><strong>bene</strong></span> <span class='ocrx_word' id='word_1_171' title='bbox 527 2909 701 2988; x_wconf 86' lang='lat' dir='ltr'><strong>promeritos</strong></span> <span class='ocrx_word' id='word_1_172' title='bbox 714 2909 813 2983; x_wconf 84' lang='lat' dir='ltr'><strong>fueris,</strong></span> <span class='ocrx_word' id='word_1_173' title='bbox 823 2909 1091 2992; x_wconf 81' lang='lat' dir='ltr'><strong>conduplicnverit.</strong></span> 
     </span>
     <span class='ocr_line' id='line_1_28' title="bbox 92 2989 1093 3088; baseline 0.004 -34"><span class='ocrx_word' id='word_1_174' title='bbox 92 2994 155 3055; x_wconf 86' lang='lat' dir='ltr'><strong>Do.</strong></span> <span class='ocrx_word' id='word_1_175' title='bbox 178 2993 276 3088; x_wconf 66' lang='lat' dir='ltr'><strong>Venbn</strong></span> <span class='ocrx_word' id='word_1_176' title='bbox 289 2993 371 3052; x_wconf 80' lang='lat' dir='ltr'><strong>istaec</strong></span> <span class='ocrx_word' id='word_1_177' title='bbox 385 2999 462 3052; x_wconf 89' lang='lat' dir='ltr'><strong>sunt.</strong></span> <span class='ocrx_word' id='word_1_178' title='bbox 504 2989 567 3050; x_wconf 76' lang='lat' dir='ltr'><strong>An.</strong></span> <span class='ocrx_word' id='word_1_179' title='bbox 581 2989 803 3070; x_wconf 83' lang='lat' dir='ltr'><strong>Pamphilamne</strong></span> <span class='ocrx_word' id='word_1_180' title='bbox 825 2993 881 3082; x_wconf 78' lang='lat' dir='ltr'><strong>hnc</strong></span> <span class='ocrx_word' id='word_1_181' title='bbox 895 2995 968 3054; x_wconf 82' lang='lat' dir='ltr'><strong>urbe</strong></span> <span class='ocrx_word' id='word_1_182' title='bbox 981 2996 1093 3076; x_wconf 84' lang='lat' dir='ltr'><strong>privnri</strong></span> 
     </span>
     <span class='ocr_line' id='line_1_29' title="bbox 91 3073 968 3232; baseline 0 -18"><span class='ocrx_word' id='word_1_183' title='bbox 91 3155 169 3214; x_wconf 88' lang='lat' dir='ltr'><strong>Tum</strong></span> <span class='ocrx_word' id='word_1_184' title='bbox 183 3073 327 3232; x_wconf 54' lang='lat' dir='ltr'><strong>prisiliei</strong></span> <span class='ocrx_word' id='word_1_185' title='bbox 341 3153 461 3212; x_wconf 78' lang='lat' dir='ltr'><strong>uomnc’</strong></span> <span class='ocrx_word' id='word_1_186' title='bbox 474 3169 602 3210; x_wconf 79' lang='lat' dir='ltr'><strong>umorem</strong></span> <span class='ocrx_word' id='word_1_187' title='bbox 613 3149 733 3209; x_wconf 78' lang='lat' dir='ltr'><strong>distrahi</strong></span> <span class='ocrx_word' id='word_1_188' title='bbox 745 3150 871 3230; x_wconf 78' lang='lat' dir='ltr'><strong>potetin’</strong></span> <span class='ocrx_word' id='word_1_189' title='bbox 882 3155 968 3230; x_wconf 76' lang='lat' dir='ltr'><strong>petil</strong></span> 
     </span>
     <span class='ocr_line' id='line_1_30' title="bbox 93 3229 1095 3313; baseline 0.003 -17"><span class='ocrx_word' id='word_1_190' title='bbox 93 3234 157 3296; x_wconf 88' lang='lat' dir='ltr'><strong>Do.</strong></span> <span class='ocrx_word' id='word_1_191' title='bbox 172 3233 278 3312; x_wconf 82' lang='lat' dir='ltr'>Neque</span> <span class='ocrx_word' id='word_1_192' title='bbox 291 3253 356 3312; x_wconf 85' lang='lat' dir='ltr'><strong>ego,</strong></span> <span class='ocrx_word' id='word_1_193' title='bbox 379 3250 474 3310; x_wconf 86' lang='lat' dir='ltr'><strong>neque</strong></span> <span class='ocrx_word' id='word_1_194' title='bbox 489 3240 532 3290; x_wconf 89' lang='lat' dir='ltr'><strong>tu.</strong></span> <span class='ocrx_word' id='word_1_195' title='bbox 575 3229 629 3290; x_wconf 73' lang='lat' dir='ltr'><strong>Ge:</strong></span> <span class='ocrx_word' id='word_1_196' title='bbox 645 3231 685 3290; x_wconf 83' lang='lat' dir='ltr'><strong>Di</strong></span> <span class='ocrx_word' id='word_1_197' title='bbox 699 3231 755 3290; x_wconf 88' lang='lat' dir='ltr'><strong>tibi</strong></span> <span class='ocrx_word' id='word_1_198' title='bbox 768 3250 867 3290; x_wconf 84' lang='lat' dir='ltr'><strong>omnes</strong></span> <span class='ocrx_word' id='word_1_199' title='bbox 888 3233 929 3306; x_wconf 84' lang='lat' dir='ltr'><strong>id,</strong></span> <span class='ocrx_word' id='word_1_200' title='bbox 955 3237 1035 3313; x_wconf 88' lang='lat' dir='ltr'><strong>quod</strong></span> <span class='ocrx_word' id='word_1_201' title='bbox 1058 3259 1095 3298; x_wconf 78' lang='lat' dir='ltr'><strong>ee</strong></span> 
     </span>
     <span class='ocr_line' id='line_1_31' title="bbox 213 3311 587 3392; baseline -0.011 -20"><span class='ocrx_word' id='word_1_202' title='bbox 213 3311 454 3392; x_wconf 82' lang='lat' dir='ltr'><strong>dignus,dnintl</strong></span> <span class='ocrx_word' id='word_1_203' title='bbox 585 3343 587 3348; x_wconf 95' lang='lat'>·</span> 
     </span>
    </p>
   </div>
   <div class='ocr_carea' id='block_1_5' title="bbox 93 3388 1200 3472">
    <p class='ocr_par' dir='ltr' id='par_1_12' title="bbox 93 3388 1200 3472">
     <span class='ocr_line' id='line_1_32' title="bbox 93 3388 1200 3472; baseline 0.003 -16"><span class='ocrx_word' id='word_1_204' title='bbox 93 3396 158 3456; x_wconf 89' lang='lat' dir='ltr'><strong>Do.</strong></span> <span class='ocrx_word' id='word_1_205' title='bbox 173 3394 237 3472; x_wconf 82' lang='lat' dir='ltr'><strong>Ego</strong></span> <span class='ocrx_word' id='word_1_206' title='bbox 251 3404 280 3453; x_wconf 84' lang='lat' dir='ltr'><strong>te</strong></span> <span class='ocrx_word' id='word_1_207' title='bbox 294 3393 459 3472; x_wconf 84' lang='lat' dir='ltr'><strong>complures</strong></span> <span class='ocrx_word' id='word_1_208' title='bbox 473 3388 627 3450; x_wconf 81' lang='lat' dir='ltr'><strong>advorsum</strong></span> <span class='ocrx_word' id='word_1_209' title='bbox 637 3389 784 3467; x_wconf 79' lang='lat' dir='ltr'><strong>ingenium</strong></span> <span class='ocrx_word' id='word_1_210' title='bbox 794 3409 891 3452; x_wconf 83' lang='lat' dir='ltr'><strong>meum</strong></span> <span class='ocrx_word' id='word_1_211' title='bbox 899 3413 1013 3455; x_wconf 86' lang='lat' dir='ltr'><strong>menses</strong></span> <span class='ocrx_word' id='word_1_212' title='bbox 1023 3397 1091 3470; x_wconf 89' lang='lat' dir='ltr'><strong>tuli,</strong></span> <span class='ocrx_word' id='word_1_213' title='bbox 1199 3413 1200 3420; x_wconf 75' lang='grc'>’</span> 
     </span>
    </p>
   </div>
   <div class='ocr_carea' id='block_1_6' title="bbox 92 3469 1094 3548">
    <p class='ocr_par' dir='ltr' id='par_1_13' title="bbox 92 3469 1094 3548">
     <span class='ocr_line' id='line_1_33' title="bbox 92 3469 1094 3548; baseline 0.001 -13"><span class='ocrx_word' id='word_1_214' title='bbox 92 3475 319 3546; x_wconf 82' lang='lat' dir='ltr'><strong>Pollioitantem,</strong></span> <span class='ocrx_word' id='word_1_215' title='bbox 333 3473 407 3533; x_wconf 86' lang='lat' dir='ltr'><strong>nihil</strong></span> <span class='ocrx_word' id='word_1_216' title='bbox 420 3474 574 3543; x_wconf 72' lang='lat' dir='ltr'><strong>terentem,</strong></span> <span class='ocrx_word' id='word_1_217' title='bbox 590 3469 727 3531; x_wconf 83' lang='lat' dir='ltr'><strong>flentem:</strong></span> <span class='ocrx_word' id='word_1_218' title='bbox 750 3489 839 3544; x_wconf 86' lang='lat' dir='ltr'><strong>nuno,</strong></span> <span class='ocrx_word' id='word_1_219' title='bbox 859 3483 973 3548; x_wconf 81' lang='lat' dir='ltr'><strong>contro,</strong></span> <span class='ocrx_word' id='word_1_220' title='bbox 989 3477 1094 3545; x_wconf 70' lang='lat' dir='ltr'><strong>omnis</strong></span> 
     </span>
    </p>
   </div>
   <div class='ocr_carea' id='block_1_7' title="bbox 92 3553 1016 3713">
    <p class='ocr_par' dir='ltr' id='par_1_14' title="bbox 92 3553 1016 3713">
     <span class='ocr_line' id='line_1_34' title="bbox 92 3553 1016 3713; baseline 0.001 -20"><span class='ocrx_word' id='word_1_221' title='bbox 92 3553 291 3713; x_wconf 47' lang='lat' dir='ltr'><strong>Repperiiiiiii</strong></span> <span class='ocrx_word' id='word_1_222' title='bbox 300 3629 362 3702; x_wconf 88' lang='lat' dir='ltr'><strong>det,</strong></span> <span class='ocrx_word' id='word_1_223' title='bbox 378 3647 471 3706; x_wconf 86' lang='lat' dir='ltr'><strong>neque</strong></span> <span class='ocrx_word' id='word_1_224' title='bbox 485 3629 647 3689; x_wconf 78' lang='lat' dir='ltr'><strong>laurumet:</strong></span> <span class='ocrx_word' id='word_1_225' title='bbox 669 3627 710 3688; x_wconf 83' lang='lat' dir='ltr'><strong>dn</strong></span> <span class='ocrx_word' id='word_1_226' title='bbox 722 3627 821 3690; x_wconf 87' lang='lat' dir='ltr'><strong>locum</strong></span> <span class='ocrx_word' id='word_1_227' title='bbox 838 3623 1016 3694; x_wconf 82' lang='lat' dir='ltr'><strong>melioribus.</strong></span> 
     </span>
    </p>
   </div>
   <div class='ocr_carea' id='block_1_8' title="bbox 100 3708 1096 3862">
    <p class='ocr_par' dir='ltr' id='par_1_15' title="bbox 100 3708 1096 3862">
     <span class='ocr_line' id='line_1_35' title="bbox 100 3708 1096 3852; baseline 0.004 -81"><span class='ocrx_word' id='word_1_228' title='bbox 100 3711 157 3774; x_wconf 73' lang='lat' dir='ltr'><strong>An.</strong></span> <span class='ocrx_word' id='word_1_229' title='bbox 180 3714 268 3852; x_wconf 61' lang='lat' dir='ltr'><strong>Ceorlte</strong></span> <span class='ocrx_word' id='word_1_230' title='bbox 283 3709 391 3851; x_wconf 55' lang='lat' dir='ltr'><strong>hgpcte,</strong></span> <span class='ocrx_word' id='word_1_231' title='bbox 414 3727 469 3787; x_wconf 80' lang='lat' dir='ltr'><strong>ego</strong></span> <span class='ocrx_word' id='word_1_232' title='bbox 492 3709 516 3770; x_wconf 89' lang='lat' dir='ltr'><strong>si</strong></span> <span class='ocrx_word' id='word_1_233' title='bbox 537 3709 609 3770; x_wconf 81' lang='lat' dir='ltr'><strong>sotis</strong></span> <span class='ocrx_word' id='word_1_234' title='bbox 623 3708 819 3785; x_wconf 84' lang='lat' dir='ltr'><strong>commemini,</strong></span> <span class='ocrx_word' id='word_1_235' title='bbox 847 3710 900 3774; x_wconf 88' lang='lat' dir='ltr'><strong>tibi</strong></span> <span class='ocrx_word' id='word_1_236' title='bbox 914 3711 1034 3791; x_wconf 84' lang='lat' dir='ltr'><strong>quidem</strong></span> <span class='ocrx_word' id='word_1_237' title='bbox 1046 3725 1096 3776; x_wconf 83' lang='lat' dir='ltr'><strong>est</strong></span> 
     </span>
     <span class='ocr_line' id='line_1_36' title="bbox 230 3803 409 3862; baseline -0.028 -9"><span class='ocrx_word' id='word_1_238' title='bbox 230 3811 286 3860; x_wconf 60' lang='lat' dir='ltr'><strong>,nn</strong></span> <span class='ocrx_word' id='word_1_239' title='bbox 320 3808 373 3862; x_wconf 80' lang='lat' dir='ltr'><strong>ies,</strong></span> <span class='ocrx_word' id='word_1_240' title='bbox 406 3803 409 3809; x_wconf 68' lang='grc'>“</span> 
     </span>
    </p>
   </div>
   <div class='ocr_carea' id='block_1_9' title="bbox 0 0 1206 4036">
    <p class='ocr_par' dir='ltr' id='par_1_16' title="bbox 0 0 1206 4036">
     <span class='ocr_line' id='line_1_37' title="bbox 0 0 1206 4036; baseline 0 0"><span class='ocrx_word' id='word_1_241' title='bbox 0 0 1206 4036; x_wconf 95' lang='lat' dir='ltr'><strong> </strong></span> 
     </span>
    </p>
   </div>
  </div>
 </body>
</html>
