2404 4038
549 265 719 325 anunm.
789 281 792 284 ·

17 427 18 436 ’
142 419 175 476 nr
189 416 218 475 rd
234 425 405 478 succenseat
419 439 505 490 nunc
521 439 588 497 qum
602 439 661 479 non
676 419 730 479 det
744 418 798 478 trbr
815 437 930 478 uxorem
947 421 1098 493 Chremes,
1183 465 1184 472 1

141 497 230 574 Ipsus
244 497 301 558 sibi
316 518 376 556 esse
390 499 511 574 iniurius
523 500 674 566 videamur
697 521 791 593 neque
805 500 857 558 id,
850 499 963 576 rujurid,

141 575 238 637 Prius
243 577 332 656 qudm
348 587 440 650 tuum,
457 591 490 638 ut
504 599 566 638 sese
581 581 697 652 babeat,
722 581 849 638 animum
873 581 910 638 ad
938 581 1056 662 nuptias
1070 601 1144 660 per-

260 659 398 735 spexerit.

141 735 234 796 Sed
211 756 236 794 ιι
251 745 283 794 tu
297 737 407 817 negdris
421 737 539 811 ducere,
553 738 595 798 ibi
609 719 748 816 culpam'
740 760 769 798 ιιι
781 748 810 799 te
825 710 996 800 transferet.
1183 663 1184 752 l

141 817 220 875 Tum
235 816 293 956 illpe
309 820 403 956 turpae
418 819 500 880 fient.
543 819 605 880 Ριι.
620 820 747 888 Quidvis
762 821 879 899 patiarl
900 822 963 881 Du.
985 823 1073 881 Pater
1085 831 1184 892 ιιιὶρῇ

287 899 443 976 amprile.
485 949 488 954 .

140 975 297 1036 Difficile’
299 989 334 1036 st.
376 979 455 1038 Tum
471 979 536 1038 haec
551 979 611 1038 sola
626 987 670 1039 est
685 979 806 1040 mulier
828 979 942 1039 dietum
967 999 1003 1040 ac
1027 973 1184 1086 sactum

260 1057 400 1118 invenerit

141 1137 277 1215 Aliquam
294 1158 422 1210 causam,
439 1141 631 1218 quamobrem
652 1140 752 1218 ejiciat
766 1139 891 1219 oppido.
933 1109 992 1200 Ριι.
1009 1139 1184 1252 EJ‘iciatt

261 1220 324 1280 Du.
346 1219 425 1280 cito.

141 1299 202 1358 Ριι.
223 1298 329 1358 Cedo
321 1300 421 1378 igitur,
436 1299 508 1378 quid
523 1297 639 1370 faciam,
654 1300 759 1368 Davel
781 1301 845 1362 Dn.
860 1299 918 1360 Dic
933 1299 1144 1361 reducturum

262 1380 322 1440 Pa.
339 1381 436 1440 Hem.
465 1381 529 1440 Da.
545 1380 625 1448 Quid
640 1381 706 1440 esti

140 1457 202 1518 Pa.
222 1459 322 1537 Egone
337 1461 462 1520 diremi
498 1461 560 1520 Da.
576 1461 637 1518 Cur
651 1460 733 1518 nont
769 1461 828 1518 Ριι.
843 1460 1004 1537 Nunquam
1020 1460 1142 1521 faciam.

260 1541 323 1599 Du.
346 1543 489 1614 Nenega.
1102 1552 1142 1602 10
1183 1593 1184 1604 ,

140 1619 201 1676 Ριι.
223 1620 353 1678 Suadere
367 1619 437 1676 noli.
480 1617 543 1678 Du.
564 1617 608 1674 Ex
623 1617 658 1674 ele
672 1637 702 1676 re
716 1617 787 1694 quid
803 1617 865 1688 liat,
880 1618 956 1682 vide.
1183 1619 1184 1692 l

140 1697 201 1755 Ριι.
223 1699 265 1756 Ut
279 1699 316 1756 ab
332 1699 380 1756 itm
394 1697 544 1765 excludar,
559 1696 618 1754 huc
632 1697 805 1756 concludar.
848 1700 910 1758 Da.
925 1699 994 1761 Non
1008 1699 1049 1759 ita
1063 1709 1121 1760 est.
1183 1697 1184 1770 l

138 1776 254 1853 Nempe
269 1778 326 1836 lroc
342 1779 383 1836 sic
396 1797 459 1836 esse
473 1777 579 1854 opinor
590 1775 738 1835 dicturum
753 1787 883 1854 patrem:
1183 1773 1184 1780 ἵ

138 1855 239 1914 Ducas
255 1857 322 1916 volo
337 1858 421 1916 bodie
438 1877 575 1924 uxorem;
597 1865 640 1926 tu,
656 1857 776 1930 ducam,
789 1859 916 1935 inquies.

140 1936 235 2007 Cedo,
251 1938 321 2012 quid
331 1937 463 2013 jurgabit
479 1937 600 1996 tecuml
622 1937 670 1996 blo
685 1937 787 1995 reddes
802 1939 910 2009 omnia,

141 2017 217 2084 Quae
229 2035 305 2076 nunc
321 2027 387 2076 sunt
401 2027 481 2076 certa
494 2035 519 2075 er
513 2017 666 2087 consilia,
681 2017 794 2076 incerta
810 2028 841 2076 ut
857 2018 942 2091 sient,

141 2097 209 2154 Sine
237 2098 316 2155 omni
344 2098 474 2174 periclo:
511 2115 577 2155 nam
606 2099 699 2156 hocce
727 2098 804 2156 baud
833 2097 956 2157 dubium
985 2091 1038 2170 est,
1070 2101 1142 2196 quin

261 2178 400 2237 Chremes

140 2257 210 2317 Tibi
224 2277 282 2316 ιιοιι
297 2258 349 2317 det
362 2267 500 2334 gnatam.
522 2276 577 2315 nec
592 2265 623 2314 tu
639 2254 673 2314 el
688 2255 775 2315 causa
792 2255 926 2328 minueris

138 2338 222 2407 Haec,
234 2358 300 2416 quae
315 2339 406 2406 facis3
430 2358 466 2397 ne
481 2338 505 2394 is
520 2345 612 2396 mutet
626 2355 707 2395 suam
723 2337 905 2395 sententiam.

138 2419 220 2478 Patri
233 2420 281 2476 dic
297 2418 387 2488 velle;
411 2428 452 2487 ut,
468 2437 534 2476 curn
546 2417 626 2486 velit,
639 2417 691 2475 tibi
701 2417 768 2491 iure
781 2418 865 2475 irasci
878 2437 934 2476 non
950 2426 1057 2493 queat:
1102 2427 1141 2478 ιο

138 2499 219 2556 Nam
234 2499 312 2575 quod
329 2507 362 2556 tu
376 2518 488 2590 speras,
502 2498 681 2589 propulsabo
692 2497 789 2556 facile.
811 2499 938 2556 Uxorem
952 2497 997 2555 his
1009 2499 1142 2556 moribus
1183 2567 1184 2570 Ἴ

141 2577 235 2637 Dabit
258 2596 365 2638 uerno:
388 2578 515 2636 inveniet
540 2577 657 2652 inopem
686 2575 793 2652 potius,
823 2575 911 2653 quam
938 2585 967 2635 te
990 2579 1142 2654 corrumpi
1183 2579 1184 2624 ἒ

262 2657 347 2716 sinat

140 2736 237 2798 Sed'
215 2757 239 2796 ει
253 2746 282 2796 te
297 2757 384 2814 aequo
398 2735 495 2795 animo
508 2734 581 2794 ferre
596 2735 732 2814 accipiet,
748 2735 939 2813 negligentem
955 2736 1077 2796 seceris:

139 2818 236 2878 Aliam
251 2816 360 2876 otiosus
375 2826 498 2895 quaeret.
540 2816 653 2874 Interea
667 2816 775 2890 aliquid
792 2817 930 2876 acciderit
946 2817 1184 2896 boni.1

140 2900 203 2960 Ριι.
225 2898 300 2958 ltan’
314 2897 428 2958 credisl
469 2897 534 2955 Du.
556 2894 959 2972 Hauddubiumidquidem
980 2905 1046 2956 est.
1079 2899 1142 2956 Ριι.
1183 2901 1184 2904 ’

197 3006 199 3012 ·
260 2978 334 3038 Vide
347 2976 611 3057 qudnreinducas.
654 2977 716 3036 Dc.
732 2975 924 3042 Quintecesl

140 3060 201 3118 Ριι.
223 3059 338 3118 Dicam.
347 3000 502 3118 unerurn
518 3067 615 3116 autem
630 3077 665 3115 ne
680 3055 817 3116 resciscat
837 3056 909 3115 mibi
930 3075 990 3115 esse
1016 3075 1066 3114 ex
1076 3055 1139 3127 illa,

139 3219 216 3278 Nam
240 3139 484 3356 pllPlllbierlrlsluppd
494 3225 707 3295 suscepturum
751 3216 813 3274 Du.
836 3215 992 3274 Osacinus
1015 3213 1137 3274 audax!

292 3318 309 3355 ιι
373 3317 426 3356 auc
486 3315 531 3354 em

139 3377 211 3449 Sibi,
227 3397 273 3436 me
292 3377 468 3446 obsecravit,
484 3376 580 3454 quise
597 3374 685 3433 sciret
700 3394 758 3434 non
771 3375 965 3445 deserturum,
982 3383 1014 3434 ιιὶ
1027 3373 1138 3432 darem.

139 3462 201 3522 Da.
217 3457 397 3520 Cirrabitur:
420 3456 470 3516 sed
487 3465 569 3532 pater
584 3455 683 3514 adest:
705 3475 789 3526 care,
811 3464 841 3514 te
860 3475 926 3514 esse
941 3456 1052 3514 tristem
1075 3471 1137 3512 sen·

260 3538 324 3598 tint.
