2404 4038
357 261 488 336 ACTUS
508 263 562 323 lV.
599 261 729 325 SCENA
751 263 774 326 l.
1031 271 1070 334 28

77 415 118 473 nn
132 433 188 474 uon
203 415 266 475 dixi
281 417 341 476 hoc
354 437 417 478 esse
431 419 584 480 laturuml
627 419 688 479 Dc.
705 418 797 479 Dixti.
841 419 901 480 Pa.
915 421 994 494 Quid
1009 443 1070 484 me·

67 529 68 536 ι
189 499 288 557 ritus'l
315 499 377 558 Do.
394 501 530 560 Crucem.

77 572 127 632 Sed
143 572 202 634 sine
217 577 371 652 paululum
386 579 422 637 ad
445 599 491 640 me
515 580 650 640 redeam:
679 579 742 656 jam
767 579 878 658 aliquid
903 579 1070 660 dispiciam.

191 657 254 717 Pn.
271 659 332 716 Hei
345 659 426 718 mihi.

77 733 131 791 Cur
141 753 199 794 uon
214 737 315 797 habeo
331 739 466 816 spatium,
482 748 515 798 ut
528 739 565 798 de
577 749 604 798 ιε
616 757 728 798 sumam
741 739 930 819 cupplioium,
943 750 975 802 ut
984 743 1071 806 vorot

76 811 281 958 Namquelrpc
296 829 420 897 tempus,
440 839 605 898 praecavere
631 820 700 884 mdri
723 839 780 893 rue,
806 821 883 881 haud
911 832 940 882 te
969 823 1072 882 ulcisci

192 917 248 956 erm
265 941 272 956 .

358 1126 493 1187 ACTUS
515 1127 568 1186 lV.
610 1127 742 1188 SCENA
765 1129 790 1188 1.
814 1141 818 1149 “

124 1323 133 1330 -
248 1283 457 1342 Cunnrnus.
498 1283 724 1342 Paterninum
767 1283 901 1344 Davus.

79 1429 125 1490 cn.
140 1431 300 1492 Hoccm’
315 1443 360 1493 est
374 1433 522 1506 credibile,
536 1443 586 1492 aut
602 1432 797 1504 memorabile,

76 1511 166 1570 Tanta
182 1515 324 1573 vecordia
339 1515 439 1574 innata
453 1516 591 1592 cuiquam
608 1523 639 1574 ιιι
654 1513 703 1584 sit,

78 1590 115 1649 Ut
129 1593 213 1650 malis
227 1594 390 1670 gaudeant,
405 1606 494 1672 atque
506 1615 542 1654 ex
556 1593 750 1654 incommodis

78 1672 203 1730 Alterius
219 1694 275 1732 sua
291 1683 321 1734 ut
337 1683 509 1752 comparent
523 1673 702 1734 commoda?
722 1674 779 1733 alrl

78 1749 109 1807 ld
124 1771 159 1810 ne
174 1757 211 1812 'st
226 1755 345 1814 veruml
367 1755 456 1813 immo
470 1755 499 1812 id
515 1764 560 1813 est
574 1774 665 1832 genus
681 1754 827 1814 homiuum
844 1755 1022 1832 pessimum

78 1829 108 1887 ln
123 1832 299 1909 denegando
315 1834 404 1894 modo
417 1834 484 1912 quis
499 1833 596 1912 pudor
606 1835 762 1912 paululum
775 1834 877 1896 adest:

78 1908 147 1969 Post
160 1913 212 1971 ubi
228 1923 346 1992 tempus
361 1914 503 1991 promissa
515 1914 633 1989 estjam
649 1913 761 1992 perlici,

35 2017 36 2022 1
80 1989 151 2048 Turn
167 1995 276 2064 coacti,
289 1993 454 2057 necessario
474 2013 504 2053 se
519 1995 674 2072 aperiunt;

80 2069 117 2126 Et
130 2072 257 2144 timent;
280 2085 308 2132 et
325 2085 420 2140 tamen
435 2095 479 2134 res
493 2077 572 2149 cogit
584 2075 740 2150 denegare.
961 2139 965 2160 Ι

82 2148 124 2206 lbi
140 2161 200 2212 tum
215 2173 318 2212 eorum
331 2155 582 2230 impudentissima
596 2155 689 2212 oratio
704 2161 758 2222 est,
1040 2161 1077 2214 10

81 2228 151 2294 Quis
166 2241 198 2291 tu
214 2234 269 2292 esi
290 2235 353 2312 quis
370 2235 439 2293 milri
452 2235 506 2294 eal
524 2255 579 2294 eur
594 2254 688 2294 meam
705 2233 781 2292 tibil

83 2307 168 2380 Heus,
185 2314 336 2390 proximus
348 2334 411 2372 eum
427 2325 542 2390 egomet
553 2313 632 2372 mihi.
676 2317 823 2383 Attamen,
840 2313 890 2372 ubi
904 2313 998 2372 fideti

82 2386 109 2444 Si
124 2409 216 2468 roges,
231 2393 302 2452 nihii
317 2393 430 2471 pudet:
455 2393 515 2461 iric,
532 2394 582 2451 ubi
596 2412 670 2468 opus
685 2402 741 2459 eet,

83 2467 149 2527 Nou
161 2484 318 2542 veientum
340 2473 409 2540 illie,
426 2472 476 2530 ubi
491 2471 561 2530 nilril
575 2491 650 2548 opus
665 2480 716 2540 est,
732 2470 773 2530 ibi
788 2479 931 2530 verentur.

82 2547 137 2606 Sed
150 2553 221 2628 quid
238 2556 346 2630 agaml
375 2553 514 2612 adeamne
533 2552 570 2612 ed
586 2572 663 2624 eum,
678 2563 707 2610 et
722 2571 790 2611 curu
805 2571 841 2610 eo
854 2549 987 2628 injuriam
1002 2551 1077 2612 banc

201 2634 385 2710 expostulem
397 2631 409 2689 l

83 2706 214 2786 lugeranr
228 2713 299 2792 rnala
315 2713 426 2772 murrae
447 2721 536 2789 atque
548 2711 650 2789 aliquis
666 2712 756 2782 dicat,
772 2711 842 2770 nihil
856 2709 1046 2790 promoveris.

85 2788 233 2852 Mululm:
257 2793 397 2852 molestus
413 2794 490 2852 certe
512 2793 537 2850 ei
552 2791 651 2861 lucrm
673 2803 763 2870 atque
777 2793 874 2850 auimo
890 2809 997 2851 morem
1012 2809 1079 2866 get·

203 2891 278 2932 sero.

85 2947 143 3012 Pu.
159 2941 296 3090 Charmae,
310 2961 340 3012 et
355 2972 410 3023 me,
426 2961 456 3012 et
471 2961 499 3010 te
514 2951 692 3030 imprudens,
708 2950 763 3010 uisi
776 2948 847 3027 quid
861 2949 900 3008 Di
910 2947 1079 3026 respiciunt,

226 3051 256 3091 er
281 3033 330 3092 idi.

86 3107 138 3169 cu.
157 3051 252 3182 Itale,
275 3109 470 3191 imprudensl
498 3109 616 3170 tandem
638 3110 754 3169 inventa
774 3109 809 3167 'st
831 3128 936 3169 causa:
969 3109 1080 3170 solvisti

204 3191 303 3251 fidem.

86 3268 144 3329 Po.
164 3271 243 3340 Quid
259 3269 398 3330 tandem?
437 3269 489 3330 cu.
510 3269 697 3330 Etiamnunc
713 3289 758 3330 me
778 3269 888 3329 ducere
910 3269 970 3330 ictis
992 3267 1079 3328 dictio

227 3351 358 3410 ostulasl
876 3398 877 3402 ,
1041 3359 1079 3408 20
1153 3356 1156 3364 '

89 3429 146 3487 Pa.
160 3372 239 3498 Quld
262 3432 338 3490 istuc
361 3431 427 3489 ettl
458 3430 511 3490 m.
536 3430 697 3508 Postquam
721 3449 767 3490 me
791 3447 887 3490 amare
912 3427 982 3502 diri,
998 3447 1081 3488 com-

204 3511 312 3588 placita
328 3510 451 3569 esttibi.

88 3586 153 3648 lleu
167 3610 212 3651 me
229 3591 384 3650 miserum-l
408 3591 457 3668 qui
472 3597 554 3650 tuum
568 3589 695 3650 animum
706 3608 741 3648 ex
752 3585 993 3667 animospeotavl
1005 3603 1080 3648 meo.
