2404 4038
358 191 489 253 Actus
505 193 568 252 tlt.
606 192 736 256 SCENA
760 190 798 252 11.
1033 199 1089 252 135

23 329 29 407 Ι
65 339 156 402 Perii!
182 343 317 437 queret
363 345 417 408 Ge.
439 350 543 406 Amare
558 347 675 426 occepit
688 348 784 408 alium.
827 345 875 407 So.
898 345 950 405 Vm
975 345 1089 406 mirere

21 457 23 501 ¹
67 501 115 560 Ge.
129 425 302 581 Negiiehii
314 507 433 566 occulte
446 506 523 568 fert:
539 507 578 566 ab
592 507 695 567 lenone
706 508 785 586 ipsun
794 506 902 584 eripuit
914 505 1023 584 palam.
1051 513 1091 566 80

64 580 108 640 So.
123 583 230 643 Setio'
250 585 315 644 hoo
330 598 441 646 certum
457 588 515 648 'eti
539 588 592 648 Ge.
604 589 745 649 Certum:
770 587 851 646 hiaoe
865 585 961 646 oculis
975 595 1090 664 egomet

192 665 442 735 uidi,Sostmtu.
486 669 639 740 Saea„

67 739 114 799 Me
128 743 308 804 miserem!
331 748 403 824 quid
418 747 521 808 credas
532 747 620 824 jumi
640 755 690 806 aut
711 745 761 807 oui
782 743 907 808 creduut
921 756 1091 806 nostrumne

193 825 404 887 AEsehinumi

65 898 260 964 Nostrarum
285 905 374 998 vitem
399 907 551 970 omniomi
572 909 601 968 iu
623 927 683 988 quo
704 916 810 968 nostrae
832 925 911 986 uper,
932 925 1091 986 omoeoque
1158 897 1160 904 ’

65 1057 156 1121 Eram
169 1083 180 1134 ς
195 1003 283 1144 ogas
299 996 366 1126 ¹:1¹ss
388 1067 444 1127 hae
460 1069 582 1148 J'urubat
604 1089 635 1128 se
656 1088 744 1128 uuum
766 1087 927 1146 numquam
942 1068 1089 1129 victurum

67 1218 128 1287 Qui
144 1241 181 1282 se
196 1145 421 1304 iiiesnriigremio
435 1227 599 1305 positurum
616 1247 738 1306 puerum
754 1226 872 1285 dicebat
887 1229 998 1307 petrin

67 1297 111 1357 lta
127 1304 382 1378 obsecraturum,
399 1317 432 1366 ut
446 1308 549 1367 liceret
563 1307 619 1365 eibi
633 1311 709 1366 haue
730 1325 847 1365 uxorem
863 1307 982 1368 ducere.

71 1379 124 1440 Ge.
150 1385 257 1458 Hera,
279 1387 425 1446 lacrumas
453 1387 551 1447 mitte:
573 1407 608 1446 ae
630 1385 741 1464 potios,
763 1385 843 1464 quod
865 1387 1005 1447 auliano
1030 1407 1091 1446 rem

71 1487 284 1620 Petraeam?
299 1469 684 1627 isi'i'aiireffiiniiii'iimt
736 1545 808 1606 Cra.
831 1545 900 1606 Aa!
931 1545 971 1605 mi
991 1544 1090 1618 homo,

70 1700 119 1760 An
142 1629 443 1786 hogassffifzieirsdiam
465 1708 519 1768 tibi
538 1708 654 1770 videtur
668 1727 793 1790 uuquam
812 1706 899 1768 esaei
941 1706 995 1769 Ge.
1017 1705 1091 1766 Mihi

209 1788 330 1863 quidem
345 1807 404 1846 uon
418 1789 526 1866 piacet.

73 1859 307 1959 iamprimum,
330 1867 413 1925 illum
427 1867 523 1926 alieno
536 1869 634 1928 auimo
655 1889 674 1930 a
694 1869 783 1928 nobie
804 1887 878 1942 erre,
893 1889 939 1930 rea
960 1869 1025 1950 ipsa
1046 1868 1092 1928 in-

73 2019 172 2086 Nuoo
189 1947 395 2104 eiiiiaiioalom
410 2027 596 2105 proferimus,
612 2029 660 2088 ille
671 2029 785 2089 inficias
796 2027 861 2097 ibit,
877 2035 922 2088 eat
937 2029 1011 2090 reio.
1051 1957 1092 2009 ⁴0

25 2158 27 2173 ,
75 2101 143 2164 Tua
158 2105 254 2180 fame,
269 2118 298 2166 et
312 2118 408 2184 gnatae
423 2109 493 2178 vita,
507 2111 536 2168 in
551 2109 675 2168 dubium
691 2109 805 2168 veniet:
827 2117 889 2166 tum
904 2107 927 2166 ai
943 2110 1078 2168 maxume

22 2185 27 2240 ,ἔ
77 2181 235 2258 Fateatur,
250 2207 339 2266 quum
355 2199 434 2247 amet
447 2189 543 2258 ulium,
559 2208 617 2246 nou
632 2198 678 2248 est
693 2190 765 2247 utile
781 2187 857 2250 huno
871 2185 912 2245 ilii
926 2186 1011 2246 deria

79 2262 414 2361 Quapropterquoquo
429 2279 517 2362 pacto
534 2268 624 2326 tacito
637 2279 681 2325 est
695 2287 780 2346 opus.
824 2266 874 2324 So.
889 2265 958 2325 Ah!
975 2265 1091 2326 minime

82 2421 157 2486 Nou
172 2361 387 2488 facgiiriiiumde.
409 2425 490 2494 Quid
513 2425 602 2504 agie?
645 2425 694 2486 So.
716 2423 874 2484 Proferam.
917 2424 970 2484 Ge.
993 2424 1091 2485 Hem!

24 2566 25 2576 ,
211 2527 275 2568 mea
290 2510 434 2578 Sostrata,
452 2507 528 2580 vide,
544 2525 632 2584 quam
648 2526 709 2566 rem
725 2524 806 2584 agas.

22 2650 24 2659 ἱ
88 2583 138 2646 So.
159 2587 263 2682 Pejore
284 2609 329 2648 res
350 2589 418 2646 loco
439 2607 497 2648 uon
518 2598 620 2667 potest
647 2609 723 2660 esse,
754 2583 842 2664 quum
868 2585 897 2645 in
924 2606 985 2668 quo
1014 2607 1090 2648 nuuc

23 2770 25 2776 ’
87 2677 365 2806 ΡτίηιὺιιίΧίΧιῖἀῖῑζῐα
375 2757 436 2808 eat:
453 2758 513 2808 tum
523 2759 676 2828 praeterea,
690 2766 756 2826 quae
766 2745 897 2806 secunde
906 2747 933 2805 ei
946 2745 1001 2804 doe
1015 2757 1089 2818 erat,

87 2824 195 2885 Periit:
211 2843 265 2898 pro
280 2826 386 2904 virgine
396 2828 459 2886 dari
469 2841 593 2905 nuptum
608 2848 666 2887 uon
678 2827 1012 2904 potest.Hooreliquum
1027 2835 1089 2885 eutr

91 2905 123 2964 Si
135 2902 248 2962 inficias
262 2904 424 2974 ibit,'testie
440 2927 555 2966 mecum
570 2916 615 2965 eet
626 2906 763 2973 annulus,
780 2924 866 2984 quem
882 2906 1028 2964 amiserat.

90 2982 252 3053 Postremo,
275 2987 393 3064 quando
415 3007 470 3065 ego
485 2987 603 3044 conscia
618 2987 689 3044 mihi
704 3003 781 3057 erum,
802 3003 880 3043 eme
894 2983 1010 3062 culpam
1025 3005 1089 3047 esse

209 3066 285 3124 hene
300 3067 419 3144 procul,
692 3081 695 3086 '
1051 3076 1091 3129 50

91 3147 192 3225 Neque
207 3147 345 3222 pretium,
369 3166 465 3226 neque
479 3164 540 3206 rem
563 3144 649 3203 uliam
671 3143 880 3216 intercessione,
902 3143 949 3205 illa
970 3157 1022 3210 aut
1043 3168 1089 3208 me

209 3225 370 3304 indignam,
386 3227 476 3299 Geta,
778 3231 781 3240 ’

95 3305 238 3388 Experiar.
281 3305 335 3366 Ge.
363 3308 442 3376 Quid
457 3305 559 3366 istuoi
580 3301 704 3376 accedo,
728 3311 761 3363 ut
784 3302 888 3364 meliis
902 3303 996 3369 dicas.
1039 3308 1089 3367 So.

207 3388 267 3460 Tu,
284 3396 424 3462 quantum
439 3397 536 3464 potes,

98 3465 162 3540 Abi,
172 3475 261 3544 atque
275 3466 399 3542 Hegioni
409 3476 535 3543 cognato
548 3463 636 3540 hujus
649 3481 708 3523 rem
720 3483 837 3526 omnem
850 3463 1089 3536 narratoordiue3

98 3548 166 3608 Num
180 3548 205 3606 ia
220 3556 321 3607 nostro
335 3545 446 3606 Simulo
461 3546 515 3606 fuit
528 3563 668 3618 summus,
683 3553 713 3603 et
727 3563 782 3604 uua
796 3545 889 3606 uoluit
902 3545 1048 3607 maxume.
