2404 4038
326 833 329 840 ¹
448 745 709 824 TERENTII

390 1012 769 1102 ANDRIA.

481 1357 684 1402 PROLOGUS.

86 1485 237 1579 Porrus,
253 1525 344 1586 quum
358 1506 482 1585 primhru
497 1507 626 1568 animum
640 1507 679 1567 ad
694 1509 881 1572 scribendum
896 1510 1022 1590 adpulit,

85 1585 121 1644 ld
137 1588 193 1648 sihi
206 1588 305 1666 negoti
318 1587 443 1648 credidit
457 1589 552 1648 solum
566 1587 641 1660 dari,

84 1665 201 1746 Populo
215 1677 248 1727 ut
259 1669 420 1746 placerent,
435 1687 508 1747 quas
523 1669 640 1728 fecisset
653 1667 781 1730 fabulas.

87 1747 196 1806 Verdur
210 1749 295 1806 aliter
308 1747 423 1807 evenire
436 1750 528 1808 multo
543 1749 677 1828 intelligit
690 1771 700 1822 ς

83 1826 163 1886 Nam
177 1827 207 1886 in
221 1827 350 1906 prologis
366 1828 532 1888 scribundis
547 1847 666 1907 operam
680 1829 831 1898 abutitur:

84 1906 155 1965 Non
172 1908 222 1985 qui
236 1915 438 1985 argumentum
451 1918 558 1981 narret,
574 1910 625 1968 sed
641 1909 693 1986 qni
706 1910 842 1971 malevoli

84 1987 199 2046 Veteris
214 1988 314 2048 Poetae
328 1989 493 2049 maledictis
505 1989 696 2067 respondeat.

83 2066 187 2140 Nunc,
202 2085 290 2144 quam
303 2087 364 2128 rem
376 2069 447 2128 vitio
461 2068 541 2141 dent,
558 2089 660 2147 quasso
674 2068 804 2130 animum
817 2069 971 2130 advortite.

83 2145 250 2206 Menander
262 2148 335 2208 fecit
348 2149 490 2210 Andriam
505 2159 535 2209 et
549 2150 724 2210 Perinthiam
738 2169 746 2210 :

83 2226 146 2294 Qui
161 2227 298 2287 utrumvis
312 2231 391 2288 recte
407 2229 493 2301 ndrit,
508 2229 610 2289 ambas
623 2231 749 2290 novant.

82 2306 156 2364 Non
169 2307 210 2366 ita
223 2306 354 2367 dissimili
370 2319 439 2370 suut
452 2319 624 2386 argumento
637 2327 645 2376 a
668 2311 719 2369 sed
736 2317 834 2370 tamen

81 2385 229 2446 Dissimili
242 2389 372 2449 oratione
387 2397 454 2446 sunt
466 2388 565 2458 iactas,
579 2407 614 2447 ae
628 2389 705 2447 stilo.

80 2467 162 2532 Quae
176 2483 336 2526 convenere
349 2467 380 2525 in
393 2465 546 2536 Andriam,
561 2485 597 2524 ex
612 2465 761 2525 Perinthia

16 2581 18 2594 ·
80 2545 206 2604 Fatetur
219 2547 411 2618 transtulisse,
426 2555 516 2622 atquc
531 2565 614 2605 usum
629 2565 684 2624 pro
699 2547 770 2605 suis.

82 2623 119 2682 Id
135 2624 185 2683 isti
198 2625 367 2704 vituperant
378 2625 490 2685 iactum
503 2645 511 2693 ;
532 2634 621 2703 atquc
633 2625 664 2684 iu
678 2645 715 2684 eo
728 2625 892 2705 disputant,

80 2705 285 2764 Contaminari
297 2725 354 2764 nou
369 2704 473 2766 decere
486 2703 611 2765 fabulas.

80 2783 220 2855 Faciunt,
234 2803 290 2856 nse,
303 2784 503 2864 intelligendo,
517 2794 550 2844 ut
562 2783 636 2843 nihil
649 2785 813 2864 intelligant
825 2807 833 2854 ;

81 2862 145 2930 Qui
160 2883 228 2923 cum
241 2863 320 2924 hunc
333 2873 484 2935 accusant,
498 2864 646 2936 Naevium,
661 2867 811 2936 Plautum,
824 2863 950 2925 Ennium

79 2946 255 3012 Accusant;
279 2963 352 3022 quos
367 2945 415 3003 hic
430 2952 527 3003 noster
541 2953 676 3004 auctores
691 2945 802 3013 habet;

80 3021 221 3089 Quorum
236 3023 366 3082 aemulari
379 3033 502 3104 exoptat
516 3024 732 3102 negligentiam,

79 3101 191 3160 Potius
206 3123 294 3181 quam
307 3105 430 3163 istorum
444 3105 602 3164 obscuram
617 3103 806 3180 diligentiam.

80 3180 204 3241 Dehinc
219 3193 253 3243 ut
267 3183 431 3260 quiescant,
446 3203 534 3264 porro
549 3203 663 3256 moneo,
678 3193 710 3244 et
720 3185 852 3244 desinant

78 3259 279 3334 Maledicere,
293 3263 449 3324 malefacta
462 3284 498 3323 ns
512 3273 636 3323 noscant
649 3283 709 3324 sua.

77 3339 205 3414 Favete,
219 3341 320 3403 adeste
335 3363 421 3420 aequo
436 3345 544 3415 animo,
559 3351 590 3402 et
603 3363 662 3402 rern
677 3343 855 3420 cognoscite,
928 3393 930 3397 .

77 3419 124 3476 Ut
138 3423 332 3496 pernoscatis,
346 3424 460 3501 etquid
476 3424 538 3502 spei
552 3425 591 3482 sit
604 3425 759 3500 reliquum,

75 3499 211 3560 Posthac
226 3521 298 3578 quas
312 3501 401 3562 faciet
415 3503 452 3562 de
466 3504 579 3580 integro
592 3503 762 3572 comoedias,

79 3579 278 3718 Spectpprdae,
292 3601 330 3642 an
346 3582 496 3663 exigendas
510 3585 567 3644 sint
580 3585 666 3644 vohis
681 3585 771 3662 prius.
873 3597 882 3611 ‘
937 3641 939 3644 ,
975 3659 1001 3712 Α
1037 3639 1040 3662 ,
