2404 4038
393 193 524 260 ACTUS
554 191 580 257 1.
621 192 754 256 SCENA
781 196 806 256 1.

100 346 163 402 Aut
177 343 244 422 plue
254 362 301 415 eo,
317 351 350 403 ut
365 343 510 424 conjicio:
525 365 626 423 evum
641 345 729 412 inhio
743 347 910 427 regionibus

99 421 268 494 Meliorem,
283 441 380 501 neque
393 425 480 503 pretii
493 425 622 504 rudioris,
636 445 722 488 nemo
737 427 844 496 habete

101 503 208 562 Servor
222 503 421 582 comploreie:
443 505 567 583 proinde
578 506 661 584 queri
673 525 759 568 nemo
770 507 836 579 riet,

101 581 149 640 Icr
163 589 226 642 tute
238 585 352 644 attente
366 583 481 647 illorum
494 584 591 646 officio
601 585 731 662 fungere.

99 661 260 740 Nunquam
271 671 331 723 tam
346 664 431 724 mane
445 664 591 743 egredior,
606 684 704 742 neque
718 674 777 727 um
793 666 908 746 vesperi

101 741 230 801 Domum
244 753 387 814 revertor,
403 743 473 822 quin
488 753 517 804 te
530 745 559 805 in
572 743 666 806 fundo
679 743 834 822 conspicer

102 820 226 893 Fodere,
240 830 292 882 aut
305 841 396 894 urere,
411 833 464 884 eut
477 822 588 901 aliquid
600 823 685 885 ferre.
727 823 864 904 Denique

101 901 226 960 Nullum
240 902 363 962 remittis
377 911 513 982 tempue5
535 921 631 981 neque
644 913 674 964 tc
687 904 818 982 respicis.

102 980 176 1040 Haec
192 1000 250 1040 non
264 981 408 1060 voluptati
422 983 565 1055 tibicine,
579 982 650 1053 notio
666 983 748 1046 certd
762 984 836 1044 scio.

100 1064 143 1120 At
157 1061 232 1119 enim
246 1060 338 1132 dices,
352 1081 409 1134 me,
424 1072 568 1140 quantum
583 1062 633 1124 nte
646 1063 743 1140 operis
756 1063 820 1134 fiet,
833 1063 965 1143 poeuitet.
1059 1075 1098 1128 20

102 1139 191 1205 Quod
208 1140 235 1198 in
249 1159 337 1217 opere
351 1139 490 1202 faciundo
504 1162 602 1220 operae
616 1144 766 1204 consumis
780 1153 850 1215 ture,

102 1219 134 1278 Si
148 1239 247 1278 sumas
262 1220 360 1278 inillis
375 1223 554 1293 exercendir,
568 1223 634 1298 plus
646 1241 725 1298 ogas.

102 1299 166 1356 Me.
177 1299 313 1370 Chreme,
329 1309 477 1360 tantumne
491 1310 536 1360 est
550 1303 590 1360 eb
603 1319 634 1358 re
649 1301 699 1360 tuh
712 1301 767 1360 otii
781 1301 844 1371 tibi,

103 1377 252 1438 Aliennut
267 1398 363 1449 curer,
375 1399 480 1458 eaque,
495 1379 567 1438 nihil
582 1397 649 1456 quae
660 1379 697 1438 ad
713 1390 741 1440 te
754 1381 905 1440 attinenti

104 1457 158 1517 Ch.
170 1458 268 1517 Homo
283 1478 366 1518 runt:
389 1459 504 1518 humani
517 1459 588 1518 nihil
602 1479 619 1518 a
635 1479 681 1518 nre
692 1459 817 1520 alienum
832 1469 917 1537 puto.

102 1537 155 1594 Vei
171 1556 217 1596 me
230 1556 347 1597 monere
360 1537 428 1608 hoc,
445 1540 490 1598 vel
505 1539 668 1614 percontari
682 1548 764 1616 puta.

103 1614 229 1674 Rectum
244 1619 311 1676 esti
332 1637 387 1695 ego
403 1629 436 1678 nt
449 1617 575 1679 froiam:
599 1637 658 1694 nou
673 1617 740 1678 coti
754 1628 783 1678 te
798 1626 830 1676 ut
840 1617 1013 1678 deterream.

104 1696 166 1754 Me.
182 1695 255 1754 Mihi
270 1696 312 1755 sic
328 1709 371 1756 est
383 1717 470 1757 usus:
493 1697 550 1758 tibi
566 1709 599 1756 ut
612 1717 689 1776 opus
703 1697 783 1756 sacto
799 1698 847 1768 ht,
861 1695 937 1758 face.

104 1773 158 1833 Ch.
171 1779 217 1834 An
231 1775 368 1853 cuiquam
378 1787 426 1836 est
435 1796 502 1836 usus
518 1777 640 1848 homiui,
656 1795 687 1836 ee
699 1787 731 1836 ut
741 1777 879 1838 cruciet?
905 1776 968 1836 Me.
980 1778 1067 1838 Mihi.

104 1854 158 1912 Cle.
174 1856 203 1913 si
218 1855 288 1932 quid
303 1855 411 1915 loboris
425 1865 481 1926 est,
495 1855 600 1918 nollem
614 1877 622 1916 :
638 1857 687 1916 sed
704 1856 774 1934 quid
788 1855 864 1918 ietuc
881 1857 1020 1928 meliert,
1061 1866 1102 1920 30

102 1935 236 2000 Quaesoi
250 1934 320 2012 quid
335 1935 371 1994 de
386 1944 413 1994 te
426 1945 539 1998 tontum
554 1934 703 1996 meruistii
724 1935 907 1996 Me.Eheu1

105 2014 160 2073 Clu.
174 2015 220 2072 Ne
231 2015 376 2074 lacrumo:
391 2024 480 2092 atque
495 2017 582 2085 istuc,
597 2013 740 2093 quidquid
754 2025 809 2084 cst,
824 2015 873 2074 icc
885 2033 931 2074 rue
945 2025 980 2076 ut
992 2016 1102 2078 eciem:

103 2093 151 2152 Ne
165 2094 272 2152 retice:
294 2113 331 2152 ne
343 2113 457 2154 verere:
478 2095 578 2166 crede,
592 2095 723 2172 inquom,
737 2093 819 2166 mihi,

104 2174 165 2231 Aut
179 2173 369 2246 consolando,
384 2187 435 2234 eut
446 2175 582 2245 oonsilio,
597 2185 650 2236 eut
660 2194 690 2232 re
700 2173 819 2250 juvero.

105 2252 169 2310 Me.
186 2253 269 2312 Scire
284 2253 341 2312 hoe
353 2254 418 2312 visi
440 2254 495 2314 cu.
509 2255 573 2316 Hac
588 2254 708 2331 quidem
723 2252 824 2324 cuush,
846 2250 905 2329 quir
918 2251 979 2312 dixi
994 2251 1060 2310 tibi.

104 2331 169 2388 Me.
184 2331 317 2392 Dicetur.
361 2331 412 2392 Ch.
429 2337 468 2390 nt
478 2333 550 2392 istos
564 2341 672 2390 rastros
684 2333 792 2390 interea
806 2341 902 2390 tomen

104 2409 250 2488 Adpone:
271 2431 308 2470 ue
320 2411 431 2470 laboro.
474 2412 538 2470 Me.
550 2410 684 2470 Minime.
726 2410 780 2469 Ch.
796 2411 893 2478 Quam
908 2427 967 2470 rem
981 2410 1068 2486 ogisi

105 2490 170 2550 Mc.
185 2491 307 2549 Sinenre
321 2491 455 2550 vacivom
470 2500 587 2569 tempus
601 2509 638 2550 ne
652 2489 732 2568 quod
747 2489 828 2548 duim
840 2489 909 2548 mihi

103 2570 243 2706 Laborisi
282 2570 335 2630 Ch.
351 2571 422 2630 Non
434 2572 539 2643 sinum,
560 2572 690 2648 inquom.
732 2569 796 2630 Mc.
811 2569 878 2630 Ah!
900 2569 969 2628 Non
985 2588 1101 2646 aeqnum

240 2668 312 2710 acro.

107 2727 161 2789 Ch.
184 2729 256 2799 Hui,
283 2737 345 2788 tarn
365 2748 466 2807 graves
487 2730 552 2802 hos,
576 2729 703 2808 quaesoi
758 2729 821 2788 Me.
844 2727 892 2786 Sic
914 2728 1048 2790 meritum
1068 2728 1104 2788 'et

226 2828 333 2868 meum.
1063 2815 1103 2866 40

108 2889 162 2949 Ch.
188 2887 275 2947 Nunc
289 2889 420 2966 loquere.
463 2889 527 2948 Me.
542 2887 643 2948 Filium
659 2887 778 2948 unicum
793 2885 1042 2945 adolescentulum

106 2969 231 3027 Habeo:
253 2968 312 3028 oh!
335 2970 406 3046 qnid
418 2969 479 3028 diri
494 2967 599 3026 habere
616 2968 687 3028 ruci
707 2967 796 3024 inruro
811 2964 911 3034 habui,
922 2963 1068 3024 Chreme:

107 3048 196 3106 Nunc
218 3048 354 3118 habeam,
376 3067 480 3118 necne,
501 3048 645 3106 incertum
667 3053 719 3106 eet.
763 3044 817 3105 Ch.
839 3043 919 3112 Quid
944 3043 985 3102 itu
1008 3043 1105 3104 istuc?

228 3126 293 3186 Me.
308 3128 399 3188 Scies.

107 3206 186 3265 Este
201 3207 344 3268 Corintho
359 3207 408 3266 hio
422 3205 536 3266 advena
549 3225 623 3266 enus
638 3203 841 3283 paupercuia:

105 3286 181 3360 Ejus
194 3285 286 3345 finam
300 3286 349 3346 ille
364 3305 460 3345 amare
474 3285 566 3364 coepit
579 3285 703 3362 perdite,

107 3365 204 3442 Prope
214 3366 278 3441 jam
294 3375 327 3426 ut
337 3385 391 3444 pro
402 3385 490 3426 uxore
503 3367 641 3430 heberet:
663 3363 728 3424 hoec
740 3363 813 3424 clam
828 3381 875 3422 me
889 3360 998 3422 omnia.

109 3444 170 3502 Ubi
183 3463 243 3504 rem
257 3446 371 3516 rescivi,
385 3447 463 3523 coepi
477 3465 535 3506 nou
550 3445 729 3514 humanitus,

109 3524 215 3603 Neque
228 3533 261 3584 nt
271 3525 398 3585 animum
409 3523 511 3586 decuit
525 3535 670 3603 {egrotum
683 3520 905 3592 adolescentuli,
