2404 4038
366 323 502 386 ACTUS
528 315 586 382 ttt.
621 319 753 382 scutit
779 317 822 380 ΙΙ.
1056 323 1092 385 17

93 483 227 546 Fidelem
241 479 320 542 trud
336 480 427 542 ferme
443 481 554 542 mulieri
567 481 696 542 invenias
708 479 813 542 virum.

91 565 138 626 Si.
150 564 198 624 nb
213 562 324 623 Andria
335 562 370 622 'st
385 561 489 621 nncitta
504 561 589 621 taect
610 560 681 638 quid
699 561 821 620 narrari
843 559 906 620 Dr.
920 556 1032 619 Iteert.

90 645 166 727 My.
181 643 320 782 Segdgqo
343 641 524 782 gqqipeqqius.
562 641 606 702 Si.
622 639 703 710 Quid
728 639 823 700 diuiti
868 639 939 720 My.
954 635 1093 702 Firmarit

4 863 9 876 ,
94 807 159 867 Da.
172 805 294 866 Utinam
310 814 361 862 aut
376 802 424 860 hio
439 801 556 873 surdus,
572 809 623 862 eut
637 801 702 860 itreo
717 809 798 866 muta
813 800 891 861 faeta
904 800 951 862 eit.

92 886 166 963 My.
180 883 256 944 Nam
269 881 349 960 quod
364 883 534 959 peperisset,
545 882 637 960 jussit
650 882 723 942 totti.
747 881 788 942 st.
803 879 979 958 OJupiter!

91 964 175 1034 Quid
189 983 244 1041 ego
255 963 368 1022 audiat
387 971 486 1022 actum
500 963 547 1033 'rt,
562 961 704 1039 siquidem
720 963 784 1022 hmo
800 981 866 1022 rere
880 961 1034 1040 predicat.

94 1043 148 1104 ur.
163 1045 276 1102 Bonum
291 1042 435 1118 ingenium
448 1059 548 1102 narras
562 1042 768 1102 adolescentis.
791 1041 861 1120 My.
876 1043 1054 1122 Optumum.

92 1123 152 1183 Sed
169 1143 293 1201 sequere
308 1141 353 1180 rna
367 1121 453 1192 intro,
467 1141 502 1182 ne
517 1123 546 1180 in
563 1142 643 1182 mora
657 1123 698 1181 itti
713 1122 760 1181 sis.
781 1119 837 1182 Le.
852 1123 974 1201 Sequor.

95 1204 160 1264 Da.
175 1203 264 1273 Quod
289 1200 449 1341 {eruedium
470 1221 548 1262 nuno
571 1201 638 1262 truie
660 1202 737 1264 malo
758 1202 924 1264 invertant
946 1203 990 1264 st.
1012 1197 1092 1272 Quid

218 1283 275 1342 hoo
1058 1287 1094 1337 to

92 1362 211 1424 Adeon’
225 1372 269 1422 est
283 1361 428 1422 demensi
449 1379 485 1420 ex
499 1361 673 1438 peregrinet
689 1361 752 1437 jam
767 1364 827 1422 reio
842 1384 850 1431 3
872 1363 930 1423 ah!

93 1444 151 1502 Virr
166 1442 282 1502 tandem
298 1441 373 1500 sensi
388 1439 521 1499 stolidus.
543 1442 607 1502 Da.
623 1441 702 1508 Quid
715 1442 763 1500 hio
779 1443 904 1502 sensisse
917 1444 982 1502 aiti

94 1522 141 1584 Si.
159 1524 233 1582 Hae
246 1521 373 1600 primunr
386 1519 587 1593 adferturjam
603 1521 672 1580 mitri
686 1521 724 1579 ab
740 1522 795 1580 troo
806 1519 940 1590 fallacia3

91 1605 180 1663 Hono
195 1602 331 1662 simulant
345 1621 458 1679 parere,
473 1600 533 1678 qud
548 1601 731 1660 Chremetem
746 1601 934 1661 absterreant.

95 1684 146 1744 Gt.
161 1683 239 1742 Juno
255 1682 375 1750 Lucina,
391 1680 551 1774 senopem!
572 1699 656 1740 serra
667 1701 721 1750 mr.
732 1681 878 1742 obsecro!

92 1763 139 1823 Si.
158 1763 229 1834 Hui,
244 1772 303 1821 tam
319 1761 402 1820 oitdi
424 1760 598 1821 ridiculum:
621 1771 779 1840 postquam
794 1775 862 1820 aare
876 1761 985 1822 ostium

91 1845 145 1902 Me
159 1843 272 1902 audiuit
286 1851 374 1911 stare,
389 1839 583 1918 adproperat:
605 1860 662 1900 non
677 1853 723 1902 sat
735 1842 891 1902 commode

92 1922 200 2064 Isim
214 1929 280 1982 sunt
294 1921 476 1998 temporibus
492 1920 557 1992 tibi,
576 1921 667 1992 Dare,
683 1921 758 1980 hmo.
781 1923 845 1984 Do.
862 1921 987 1980 Mihin’i

116 2004 139 2063 ι’.
164 2003 243 2062 Num
271 2002 455 2062 immemores
482 1999 640 2078 diaoiprrtii
698 2003 761 2064 Do.
787 2001 860 2080 Ego,
886 2001 958 2081 quid
982 2019 1092 2073 unirer,

217 2101 327 2142 neseio.

94 2161 138 2220 Si.
154 2162 280 2222 Hicoine
296 2181 341 2220 me
356 2161 380 2219 si
394 2159 569 2237 imparatum
582 2159 610 2220 iu
624 2160 699 2220 reris
714 2162 823 2238 nuptiis
1053 2171 1092 2224 to

92 2241 226 2302 Adortus
240 2251 329 2314 esset,
344 2261 419 2318 quos
436 2242 506 2300 mitri
520 2241 604 2299 ludos
619 2241 770 2302 redderet!

92 2321 184 2382 Nono
200 2323 287 2401 hujus
302 2322 411 2399 periclo
425 2320 469 2381 fit.
511 2321 575 2399 Ego
590 2321 618 2378 iu
634 2332 720 2399 portu
735 2321 850 2400 navigo.

497 2563 628 2624 SCENA
650 2563 690 2623 11.

370 2722 514 2782 Lusarn.
550 2725 654 2783 Srnro.
688 2722 821 2782 Dnvus.

91 2880 147 2940 Le.
163 2883 304 2952 nuntio,
318 2881 457 2951 Aroirilis,
472 2900 538 2959 quae
553 2882 698 2951 adsolent,
714 2899 839 2959 querque
853 2889 991 2960 oportent

91 2963 183 3040 Signa
195 2980 259 3019 esse
273 2960 309 3020 ad
326 2962 459 3032 satutem,
475 2962 572 3020 omnia
588 2961 656 3020 huic
670 2981 735 3020 erse
746 2961 841 3020 video.

91 3041 181 3101 Nunc
196 3041 321 3118 primum
337 3041 395 3110 sac,
409 3042 513 3100 isthmo
527 3051 560 3100 ut
573 3042 670 3099 lavet:
694 3049 764 3118 post
777 3039 890 3112 deiude,

93 3121 184 3189 Quod
194 3119 273 3194 jussi
287 3121 313 3178 ei
328 3121 397 3178 dure
412 3121 521 3189 bibere,
536 3130 566 3180 et
580 3130 718 3199 quantum
735 3121 888 3198 imperavi,

90 3199 182 3259 Date.
203 3198 275 3258 Mox
286 3219 340 3276 ego
353 3201 410 3258 huo
425 3211 562 3260 revertor.

90 3280 150 3339 Per
163 3289 279 3338 ecastor
292 3281 382 3340 scitus
397 3301 471 3360 puer
484 3285 529 3340 est
545 3289 629 3340 natus
644 3280 808 3358 Pamphilo.

91 3360 173 3419 Deos
188 3379 302 3496 qubaeso,
317 3370 347 3419 ut
363 3359 400 3418 sit
412 3371 571 3440 superstes,
590 3360 828 3440 quandoquidem
844 3359 908 3439 iriae
918 3372 960 3421 est
974 3361 1087 3440 ingenio

238 3459 307 3510 ono,

91 3519 230 3596 Cumque
241 3521 309 3578 hoio
320 3519 428 3579 veritus
437 3529 482 3579 est
494 3530 624 3598 optumae
638 3519 816 3580 adolescenti
832 3520 927 3582 iacere
942 3519 1090 3598 injuriam.

91 3598 138 3658 st.
155 3599 209 3662 Vel
222 3599 279 3657 hoo
294 3600 359 3677 quis
373 3619 431 3660 non
443 3599 554 3669 credat,
569 3603 621 3678 qui
635 3600 713 3662 ndrit
724 3612 765 3674 te,
779 3601 832 3663 abs
846 3613 875 3662 te
888 3621 951 3662 esse
966 3611 1061 3661 ortum
1076 3599 1090 3657 i

217 3679 282 3740 Do.
297 3679 447 3749 Quidnam
461 3679 492 3739 itl
509 3679 571 3740 esti
