<?xml version="1.0" encoding="UTF-8"?>
<!DOCTYPE html PUBLIC "-//W3C//DTD XHTML 1.0 Transitional//EN"
    "http://www.w3.org/TR/xhtml1/DTD/xhtml1-transitional.dtd">
<html xmlns="http://www.w3.org/1999/xhtml" xml:lang="en" lang="en">
 <head>
  <title>
</title>
<meta http-equiv="Content-Type" content="text/html;charset=utf-8" />
  <meta name='ocr-system' content='tesseract 3.04.00' />
  <meta name='ocr-capabilities' content='ocr_page ocr_carea ocr_par ocr_line ocrx_word'/>
</head>
<body>
  <div class='ocr_page' id='page_1' title='image "./publiiterentiia05teregoog_0036.png"; bbox 0 0 2404 4038; ppageno 0'>
   <div class='ocr_carea' id='block_1_1' title="bbox 373 297 1112 378">
    <p class='ocr_par' dir='ltr' id='par_1_1' title="bbox 373 297 1112 378">
     <span class='ocr_line' id='line_1_1' title="bbox 373 297 1112 378; baseline 0.014 -20"><span class='ocrx_word' id='word_1_1' title='bbox 373 297 506 362; x_wconf 82' lang='lat' dir='ltr'>ACTUS</span> <span class='ocrx_word' id='word_1_2' title='bbox 535 297 592 360; x_wconf 82' lang='lat' dir='ltr'><strong>tn.</strong></span> <span class='ocrx_word' id='word_1_3' title='bbox 626 298 757 362; x_wconf 75' lang='lat' dir='ltr'><strong>scuttt</strong></span> <span class='ocrx_word' id='word_1_4' title='bbox 788 299 843 364; x_wconf 82' lang='lat'>111.</span> <span class='ocrx_word' id='word_1_5' title='bbox 1072 311 1112 378; x_wconf 78' lang='lat'><strong>¹9</strong></span> 
     </span>
    </p>
   </div>
   <div class='ocr_carea' id='block_1_2' title="bbox 106 456 1112 1900">
    <p class='ocr_par' dir='ltr' id='par_1_2' title="bbox 106 456 990 541">
     <span class='ocr_line' id='line_1_2' title="bbox 106 456 990 541; baseline 0.002 -21"><span class='ocrx_word' id='word_1_6' title='bbox 106 459 144 520; x_wconf 86' lang='lat' dir='ltr'><strong>ld</strong></span> <span class='ocrx_word' id='word_1_7' title='bbox 164 456 408 536; x_wconf 60' lang='lat' dir='ltr'><strong>consiliumne,</strong></span> <span class='ocrx_word' id='word_1_8' title='bbox 423 477 478 519; x_wconf 86' lang='lat' dir='ltr'><strong>our</strong></span> <span class='ocrx_word' id='word_1_9' title='bbox 491 477 548 519; x_wconf 88' lang='lat' dir='ltr'><strong>nou</strong></span> <span class='ocrx_word' id='word_1_10' title='bbox 560 457 794 541; x_wconf 76' lang='lat' dir='ltr'><strong>dixtiextempto</strong></span> <span class='ocrx_word' id='word_1_11' title='bbox 808 457 962 540; x_wconf 76' lang='lat' dir='ltr'><strong>Pamphilo</strong></span> <span class='ocrx_word' id='word_1_12' title='bbox 977 461 990 523; x_wconf 86' lang='lat' dir='ltr'><strong>t</strong></span> 
     </span>
    </p>

    <p class='ocr_par' dir='ltr' id='par_1_3' title="bbox 111 538 1112 698">
     <span class='ocr_line' id='line_1_3' title="bbox 111 538 1112 678; baseline 0.01 -81"><span class='ocrx_word' id='word_1_13' title='bbox 111 543 177 602; x_wconf 85' lang='lat' dir='ltr'><strong>Da.</strong></span> <span class='ocrx_word' id='word_1_14' title='bbox 194 538 270 608; x_wconf 72' lang='lat' dir='ltr'><strong>Quis</strong></span> <span class='ocrx_word' id='word_1_15' title='bbox 283 538 371 678; x_wconf 48' lang='lat' dir='ltr'><strong>igitug</strong></span> <span class='ocrx_word' id='word_1_16' title='bbox 384 557 450 599; x_wconf 83' lang='lat' dir='ltr'><strong>euru</strong></span> <span class='ocrx_word' id='word_1_17' title='bbox 465 539 504 599; x_wconf 80' lang='lat' dir='ltr'><strong>ub</strong></span> <span class='ocrx_word' id='word_1_18' title='bbox 525 539 575 600; x_wconf 82' lang='lat' dir='ltr'><strong>int</strong></span> <span class='ocrx_word' id='word_1_19' title='bbox 587 541 740 613; x_wconf 71' lang='lat' dir='ltr'><strong>abstruxit,</strong></span> <span class='ocrx_word' id='word_1_20' title='bbox 762 541 813 602; x_wconf 79' lang='lat' dir='ltr'><strong>uiri</strong></span> <span class='ocrx_word' id='word_1_21' title='bbox 828 542 906 621; x_wconf 62' lang='lat' dir='ltr'><strong>ego?</strong></span> <span class='ocrx_word' id='word_1_22' title='bbox 930 561 998 604; x_wconf 80' lang='lat' dir='ltr'><strong>uem</strong></span> <span class='ocrx_word' id='word_1_23' title='bbox 1012 561 1112 607; x_wconf 69' lang='lat' dir='ltr'><strong>umnec</strong></span> 
     </span>
     <span class='ocr_line' id='line_1_4' title="bbox 233 635 420 698; baseline 0 -20"><span class='ocrx_word' id='word_1_24' title='bbox 233 635 350 698; x_wconf 72' lang='lat' dir='ltr'><strong>noeque</strong></span> <span class='ocrx_word' id='word_1_25' title='bbox 372 637 420 679; x_wconf 84' lang='lat' dir='ltr'><strong>em</strong></span> 
     </span>
    </p>

    <p class='ocr_par' dir='ltr' id='par_1_4' title="bbox 110 693 1110 858">
     <span class='ocr_line' id='line_1_5' title="bbox 110 693 1110 776; baseline 0.005 -15"><span class='ocrx_word' id='word_1_26' title='bbox 110 699 235 771; x_wconf 75' lang='lat' dir='ltr'><strong>Scimus,</strong></span> <span class='ocrx_word' id='word_1_27' title='bbox 278 717 366 776; x_wconf 80' lang='lat' dir='ltr'><strong>quum</strong></span> <span class='ocrx_word' id='word_1_28' title='bbox 397 693 502 759; x_wconf 63' lang='lat' dir='ltr'><strong>mttere</strong></span> <span class='ocrx_word' id='word_1_29' title='bbox 535 699 612 762; x_wconf 82' lang='lat' dir='ltr'><strong>buno</strong></span> <span class='ocrx_word' id='word_1_30' title='bbox 636 698 764 771; x_wconf 73' lang='lat' dir='ltr'><strong>rmurit3</strong></span> <span class='ocrx_word' id='word_1_31' title='bbox 790 719 872 761; x_wconf 78' lang='lat' dir='ltr'><strong>nuuc</strong></span> <span class='ocrx_word' id='word_1_32' title='bbox 907 701 963 762; x_wconf 75' lang='lat' dir='ltr'><strong>erut</strong></span> <span class='ocrx_word' id='word_1_33' title='bbox 991 721 1110 766; x_wconf 82' lang='lat' dir='ltr'><strong>uxorem</strong></span> 
     </span>
     <span class='ocr_line' id='line_1_6' title="bbox 232 779 1110 858; baseline -0.001 -19"><span class='ocrx_word' id='word_1_34' title='bbox 232 779 356 858; x_wconf 78' lang='lat' dir='ltr'><strong>expetit.</strong></span> <span class='ocrx_word' id='word_1_35' title='bbox 1070 795 1110 846; x_wconf 78' lang='lat'><strong>⁴0</strong></span> 
     </span>
    </p>

    <p class='ocr_par' dir='ltr' id='par_1_5' title="bbox 108 857 1049 942">
     <span class='ocr_line' id='line_1_7' title="bbox 108 857 1049 942; baseline 0.003 -21"><span class='ocrx_word' id='word_1_36' title='bbox 108 859 267 922; x_wconf 75' lang='lat' dir='ltr'><strong>Postremo</strong></span> <span class='ocrx_word' id='word_1_37' title='bbox 279 861 308 918; x_wconf 84' lang='lat' dir='ltr'><strong>id</strong></span> <span class='ocrx_word' id='word_1_38' title='bbox 323 859 392 918; x_wconf 80' lang='lat' dir='ltr'>mihi</span> <span class='ocrx_word' id='word_1_39' title='bbox 406 858 446 918; x_wconf 82' lang='lat' dir='ltr'><strong>du</strong></span> <span class='ocrx_word' id='word_1_40' title='bbox 460 857 590 937; x_wconf 78' lang='lat' dir='ltr'><strong>negotii:</strong></span> <span class='ocrx_word' id='word_1_41' title='bbox 617 867 651 918; x_wconf 86' lang='lat' dir='ltr'><strong>tu</strong></span> <span class='ocrx_word' id='word_1_42' title='bbox 664 868 763 920; x_wconf 77' lang='lat' dir='ltr'><strong>tumen</strong></span> <span class='ocrx_word' id='word_1_43' title='bbox 772 859 851 920; x_wconf 85' lang='lat' dir='ltr'><strong>idem</strong></span> <span class='ocrx_word' id='word_1_44' title='bbox 865 859 920 921; x_wconf 77' lang='lat' dir='ltr'><strong>har</strong></span> <span class='ocrx_word' id='word_1_45' title='bbox 931 863 1049 942; x_wconf 76' lang='lat' dir='ltr'><strong>nuptia·</strong></span> 
     </span>
    </p>

    <p class='ocr_par' dir='ltr' id='par_1_6' title="bbox 107 939 1001 1018">
     <span class='ocr_line' id='line_1_8' title="bbox 107 939 1001 1018; baseline 0.002 -17"><span class='ocrx_word' id='word_1_46' title='bbox 107 943 201 1018; x_wconf 83' lang='lat' dir='ltr'>Perge</span> <span class='ocrx_word' id='word_1_47' title='bbox 215 940 312 1000; x_wconf 81' lang='lat' dir='ltr'><strong>faeere</strong></span> <span class='ocrx_word' id='word_1_48' title='bbox 325 941 376 1010; x_wconf 79' lang='lat' dir='ltr'><strong>itu,</strong></span> <span class='ocrx_word' id='word_1_49' title='bbox 389 951 423 1000; x_wconf 92' lang='lat' dir='ltr'><strong>ut</strong></span> <span class='ocrx_word' id='word_1_50' title='bbox 436 939 527 1008; x_wconf 60' lang='lat' dir='ltr'><strong>suein</strong></span> <span class='ocrx_word' id='word_1_51' title='bbox 553 949 584 1000; x_wconf 87' lang='lat' dir='ltr'><strong>et</strong></span> <span class='ocrx_word' id='word_1_52' title='bbox 598 939 627 998; x_wconf 82' lang='lat' dir='ltr'><strong>id</strong></span> <span class='ocrx_word' id='word_1_53' title='bbox 642 960 728 1018; x_wconf 85' lang='lat' dir='ltr'><strong>epero</strong></span> <span class='ocrx_word' id='word_1_54' title='bbox 741 940 896 1017; x_wconf 72' lang='lat' dir='ltr'><strong>adjuturos</strong></span> <span class='ocrx_word' id='word_1_55' title='bbox 911 939 1001 1004; x_wconf 82' lang='lat' dir='ltr'><strong>Deos.</strong></span> 
     </span>
    </p>

    <p class='ocr_par' dir='ltr' id='par_1_7' title="bbox 114 1019 1112 1170">
     <span class='ocr_line' id='line_1_9' title="bbox 114 1019 1112 1105; baseline 0 -21"><span class='ocrx_word' id='word_1_56' title='bbox 114 1022 157 1084; x_wconf 67' lang='grc' dir='ltr'><strong>δι’.</strong></span> <span class='ocrx_word' id='word_1_57' title='bbox 173 1022 237 1080; x_wconf 87' lang='lat' dir='ltr'><strong>lmo</strong></span> <span class='ocrx_word' id='word_1_58' title='bbox 255 1020 304 1080; x_wconf 82' lang='lat' dir='ltr'><strong>ubi</strong></span> <span class='ocrx_word' id='word_1_59' title='bbox 325 1019 422 1090; x_wconf 68' lang='grc' dir='ltr'>ἰιηῐὸς</span> <span class='ocrx_word' id='word_1_60' title='bbox 450 1020 491 1079; x_wconf 89' lang='lat' dir='ltr'><strong>ibi</strong></span> <span class='ocrx_word' id='word_1_61' title='bbox 513 1039 559 1078; x_wconf 85' lang='lat' dir='ltr'><strong>me</strong></span> <span class='ocrx_word' id='word_1_62' title='bbox 580 1023 728 1100; x_wconf 79' lang='lat' dir='ltr'><strong>opperire,</strong></span> <span class='ocrx_word' id='word_1_63' title='bbox 753 1030 786 1080; x_wconf 83' lang='lat' dir='ltr'><strong>et</strong></span> <span class='ocrx_word' id='word_1_64' title='bbox 813 1021 895 1100; x_wconf 87' lang='lat' dir='ltr'><strong>quud</strong></span> <span class='ocrx_word' id='word_1_65' title='bbox 915 1033 1020 1101; x_wconf 72' lang='lat' dir='ltr'><strong>perulo</strong></span> <span class='ocrx_word' id='word_1_66' title='bbox 1035 1041 1112 1105; x_wconf 76' lang='lat' dir='ltr'><strong>opus</strong></span> 
     </span>
     <span class='ocr_line' id='line_1_10' title="bbox 231 1109 382 1170; baseline 0 -11"><span class='ocrx_word' id='word_1_67' title='bbox 231 1109 286 1170; x_wconf 83' lang='lat' dir='ltr'><strong>est,</strong></span> <span class='ocrx_word' id='word_1_68' title='bbox 321 1117 382 1160; x_wconf 79' lang='lat' dir='ltr'><strong>eru.</strong></span> 
     </span>
    </p>

    <p class='ocr_par' dir='ltr' id='par_1_8' title="bbox 109 1119 900 1259">
     <span class='ocr_line' id='line_1_11' title="bbox 109 1119 900 1259; baseline 0.004 -18"><span class='ocrx_word' id='word_1_69' title='bbox 109 1183 181 1241; x_wconf 90' lang='lat' dir='ltr'><strong>Non</strong></span> <span class='ocrx_word' id='word_1_70' title='bbox 192 1119 320 1259; x_wconf 82' lang='lat' dir='ltr'><strong>impulitp</strong></span> <span class='ocrx_word' id='word_1_71' title='bbox 322 1200 379 1252; x_wconf 88' lang='lat' dir='ltr'><strong>me,</strong></span> <span class='ocrx_word' id='word_1_72' title='bbox 390 1180 454 1242; x_wconf 81' lang='lat' dir='ltr'><strong>bueo</strong></span> <span class='ocrx_word' id='word_1_73' title='bbox 468 1199 547 1240; x_wconf 84' lang='lat' dir='ltr'><strong>nuno</strong></span> <span class='ocrx_word' id='word_1_74' title='bbox 560 1177 680 1238; x_wconf 82' lang='lat' dir='ltr'><strong>omniuo</strong></span> <span class='ocrx_word' id='word_1_75' title='bbox 692 1190 723 1240; x_wconf 93' lang='lat' dir='ltr'><strong>ut</strong></span> <span class='ocrx_word' id='word_1_76' title='bbox 737 1179 900 1244; x_wconf 76' lang='lat' dir='ltr'><strong>crederem.</strong></span> 
     </span>
    </p>

    <p class='ocr_par' dir='ltr' id='par_1_9' title="bbox 109 1259 920 1340">
     <span class='ocr_line' id='line_1_12' title="bbox 109 1259 920 1340; baseline 0 -19"><span class='ocrx_word' id='word_1_77' title='bbox 109 1265 211 1340; x_wconf 84' lang='lat' dir='ltr'><strong>Atque</strong></span> <span class='ocrx_word' id='word_1_78' title='bbox 226 1260 305 1321; x_wconf 73' lang='lat' dir='ltr'><strong>haud</strong></span> <span class='ocrx_word' id='word_1_79' title='bbox 320 1260 393 1332; x_wconf 80' lang='lat' dir='ltr'><strong>seio,</strong></span> <span class='ocrx_word' id='word_1_80' title='bbox 409 1279 539 1338; x_wconf 63' lang='lat' dir='ltr'><strong>amqure</strong></span> <span class='ocrx_word' id='word_1_81' title='bbox 556 1259 640 1329; x_wconf 78' lang='lat' dir='ltr'><strong>dixit,</strong></span> <span class='ocrx_word' id='word_1_82' title='bbox 654 1259 713 1318; x_wconf 82' lang='lat' dir='ltr'><strong>sint</strong></span> <span class='ocrx_word' id='word_1_83' title='bbox 725 1279 793 1320; x_wconf 84' lang='lat' dir='ltr'><strong>veru</strong></span> <span class='ocrx_word' id='word_1_84' title='bbox 806 1263 920 1322; x_wconf 68' lang='lat' dir='ltr'><strong>omniu:</strong></span> 
     </span>
    </p>

    <p class='ocr_par' dir='ltr' id='par_1_10' title="bbox 110 1340 914 1419">
     <span class='ocr_line' id='line_1_13' title="bbox 110 1340 914 1419; baseline 0.001 -18"><span class='ocrx_word' id='word_1_85' title='bbox 110 1341 170 1401; x_wconf 85' lang='lat' dir='ltr'><strong>Sed</strong></span> <span class='ocrx_word' id='word_1_86' title='bbox 185 1340 398 1419; x_wconf 79' lang='lat' dir='ltr'><strong>parvipendo:</strong></span> <span class='ocrx_word' id='word_1_87' title='bbox 427 1341 496 1398; x_wconf 86' lang='lat' dir='ltr'><strong>ittud</strong></span> <span class='ocrx_word' id='word_1_88' title='bbox 509 1340 579 1397; x_wconf 83' lang='lat' dir='ltr'>mihi</span> <span class='ocrx_word' id='word_1_89' title='bbox 592 1340 685 1398; x_wconf 84' lang='lat' dir='ltr'><strong>multo</strong></span> <span class='ocrx_word' id='word_1_90' title='bbox 697 1342 854 1400; x_wconf 81' lang='lat' dir='ltr'><strong>maximum</strong></span> <span class='ocrx_word' id='word_1_91' title='bbox 867 1345 914 1414; x_wconf 62' lang='lat' dir='ltr'><strong>ut,</strong></span> 
     </span>
    </p>

    <p class='ocr_par' dir='ltr' id='par_1_11' title="bbox 108 1419 1027 1498">
     <span class='ocr_line' id='line_1_14' title="bbox 108 1419 1027 1498; baseline 0.003 -18"><span class='ocrx_word' id='word_1_92' title='bbox 108 1419 197 1490; x_wconf 86' lang='lat' dir='ltr'><strong>Quod</strong></span> <span class='ocrx_word' id='word_1_93' title='bbox 215 1420 443 1498; x_wconf 82' lang='lat' dir='ltr'><strong>mihi.pollicitus</strong></span> <span class='ocrx_word' id='word_1_94' title='bbox 458 1428 503 1478; x_wconf 84' lang='lat' dir='ltr'><strong>est</strong></span> <span class='ocrx_word' id='word_1_95' title='bbox 515 1419 597 1496; x_wconf 77' lang='lat' dir='ltr'><strong>ipsus</strong></span> <span class='ocrx_word' id='word_1_96' title='bbox 611 1427 727 1496; x_wconf 76' lang='lat' dir='ltr'><strong>gnatus.</strong></span> <span class='ocrx_word' id='word_1_97' title='bbox 768 1420 857 1478; x_wconf 83' lang='lat' dir='ltr'><strong>Nunc</strong></span> <span class='ocrx_word' id='word_1_98' title='bbox 871 1422 1027 1493; x_wconf 63' lang='lat' dir='ltr'><strong>Chremem</strong></span> 
     </span>
    </p>

    <p class='ocr_par' dir='ltr' id='par_1_12' title="bbox 108 1497 884 1577">
     <span class='ocr_line' id='line_1_15' title="bbox 108 1497 884 1577; baseline -0.005 -15"><span class='ocrx_word' id='word_1_99' title='bbox 108 1501 308 1569; x_wconf 70' lang='lat' dir='ltr'><strong>Conveniam</strong></span> <span class='ocrx_word' id='word_1_100' title='bbox 334 1501 426 1559; x_wconf 82' lang='lat' dir='ltr'><strong>orabo</strong></span> <span class='ocrx_word' id='word_1_101' title='bbox 437 1508 525 1577; x_wconf 81' lang='lat' dir='ltr'><strong>gnato</strong></span> <span class='ocrx_word' id='word_1_102' title='bbox 542 1517 679 1558; x_wconf 82' lang='lat' dir='ltr'><strong>uxoremt</strong></span> <span class='ocrx_word' id='word_1_103' title='bbox 708 1499 732 1558; x_wconf 83' lang='lat' dir='ltr'><strong>ei</strong></span> <span class='ocrx_word' id='word_1_104' title='bbox 746 1497 884 1577; x_wconf 84' lang='lat' dir='ltr'><strong>impetro,</strong></span> 
     </span>
    </p>

    <p class='ocr_par' dir='ltr' id='par_1_13' title="bbox 109 1576 897 1658">
     <span class='ocr_line' id='line_1_16' title="bbox 109 1576 897 1658; baseline -0.003 -17"><span class='ocrx_word' id='word_1_105' title='bbox 109 1581 190 1650; x_wconf 82' lang='lat' dir='ltr'><strong>Quid</strong></span> <span class='ocrx_word' id='word_1_106' title='bbox 202 1580 273 1640; x_wconf 77' lang='lat' dir='ltr'><strong>etius</strong></span> <span class='ocrx_word' id='word_1_107' title='bbox 287 1581 396 1650; x_wconf 84' lang='lat' dir='ltr'><strong>malim,</strong></span> <span class='ocrx_word' id='word_1_108' title='bbox 411 1580 498 1658; x_wconf 68' lang='lat' dir='ltr'><strong>qoem</strong></span> <span class='ocrx_word' id='word_1_109' title='bbox 515 1578 600 1638; x_wconf 82' lang='lat' dir='ltr'><strong>hodie</strong></span> <span class='ocrx_word' id='word_1_110' title='bbox 616 1579 668 1638; x_wconf 82' lang='lat' dir='ltr'><strong>hes</strong></span> <span class='ocrx_word' id='word_1_111' title='bbox 681 1576 743 1638; x_wconf 80' lang='lat' dir='ltr'><strong>fieri</strong></span> <span class='ocrx_word' id='word_1_112' title='bbox 757 1579 897 1658; x_wconf 68' lang='lat' dir='ltr'><strong>nuptiae?</strong></span> 
     </span>
    </p>

    <p class='ocr_par' dir='ltr' id='par_1_14' title="bbox 108 1659 1111 1738">
     <span class='ocr_line' id='line_1_17' title="bbox 108 1659 1111 1738; baseline 0.001 -18"><span class='ocrx_word' id='word_1_113' title='bbox 108 1661 185 1720; x_wconf 82' lang='lat' dir='ltr'><strong>Num</strong></span> <span class='ocrx_word' id='word_1_114' title='bbox 197 1670 302 1737; x_wconf 78' lang='lat' dir='ltr'><strong>gnatus</strong></span> <span class='ocrx_word' id='word_1_115' title='bbox 312 1659 390 1738; x_wconf 88' lang='lat' dir='ltr'><strong>quod</strong></span> <span class='ocrx_word' id='word_1_116' title='bbox 408 1659 556 1737; x_wconf 68' lang='lat' dir='ltr'>pollicitus</span> <span class='ocrx_word' id='word_1_117' title='bbox 570 1669 623 1729; x_wconf 82' lang='lat' dir='ltr'><strong>eet,</strong></span> <span class='ocrx_word' id='word_1_118' title='bbox 636 1659 714 1718; x_wconf 84' lang='lat' dir='ltr'><strong>huud</strong></span> <span class='ocrx_word' id='word_1_119' title='bbox 727 1659 848 1720; x_wconf 82' lang='lat' dir='ltr'><strong>dubium</strong></span> <span class='ocrx_word' id='word_1_120' title='bbox 859 1669 907 1720; x_wconf 80' lang='lat' dir='ltr'><strong>eet</strong></span> <span class='ocrx_word' id='word_1_121' title='bbox 923 1659 1002 1733; x_wconf 79' lang='lat' dir='ltr'><strong>mitri,</strong></span> <span class='ocrx_word' id='word_1_122' title='bbox 1071 1667 1111 1722; x_wconf 76' lang='lat'><strong>50</strong></span> 
     </span>
    </p>

    <p class='ocr_par' dir='ltr' id='par_1_15' title="bbox 109 1739 776 1818">
     <span class='ocr_line' id='line_1_18' title="bbox 109 1739 776 1818; baseline -0.001 -18"><span class='ocrx_word' id='word_1_123' title='bbox 109 1741 139 1800; x_wconf 88' lang='lat' dir='ltr'><strong>Si</strong></span> <span class='ocrx_word' id='word_1_124' title='bbox 154 1742 240 1810; x_wconf 82' lang='lat' dir='ltr'><strong>nolit,</strong></span> <span class='ocrx_word' id='word_1_125' title='bbox 257 1739 325 1818; x_wconf 83' lang='lat' dir='ltr'><strong>quin</strong></span> <span class='ocrx_word' id='word_1_126' title='bbox 340 1759 406 1798; x_wconf 88' lang='lat' dir='ltr'><strong>euru</strong></span> <span class='ocrx_word' id='word_1_127' title='bbox 423 1739 524 1798; x_wconf 75' lang='lat' dir='ltr'><strong>merito</strong></span> <span class='ocrx_word' id='word_1_128' title='bbox 538 1739 645 1816; x_wconf 74' lang='lat' dir='ltr'><strong>poesim</strong></span> <span class='ocrx_word' id='word_1_129' title='bbox 659 1759 776 1814; x_wconf 80' lang='lat' dir='ltr'><strong>eogere.</strong></span> 
     </span>
    </p>

    <p class='ocr_par' dir='ltr' id='par_1_16' title="bbox 109 1819 933 1900">
     <span class='ocr_line' id='line_1_19' title="bbox 109 1819 933 1900; baseline -0.002 -20"><span class='ocrx_word' id='word_1_130' title='bbox 109 1825 211 1900; x_wconf 81' lang='lat' dir='ltr'><strong>Atque</strong></span> <span class='ocrx_word' id='word_1_131' title='bbox 224 1820 300 1880; x_wconf 78' lang='lat' dir='ltr'><strong>odeo</strong></span> <span class='ocrx_word' id='word_1_132' title='bbox 314 1822 342 1878; x_wconf 83' lang='lat' dir='ltr'><strong>iu</strong></span> <span class='ocrx_word' id='word_1_133' title='bbox 357 1819 421 1898; x_wconf 80' lang='lat' dir='ltr'><strong>ipso</strong></span> <span class='ocrx_word' id='word_1_134' title='bbox 435 1827 565 1897; x_wconf 79' lang='lat' dir='ltr'><strong>tempore</strong></span> <span class='ocrx_word' id='word_1_135' title='bbox 576 1837 679 1880; x_wconf 84' lang='lat' dir='ltr'><strong>eccum</strong></span> <span class='ocrx_word' id='word_1_136' title='bbox 694 1819 791 1898; x_wconf 81' lang='lat' dir='ltr'><strong>ipsum</strong></span> <span class='ocrx_word' id='word_1_137' title='bbox 804 1819 933 1880; x_wconf 83' lang='lat' dir='ltr'><strong>obvium.</strong></span> 
     </span>
    </p>
   </div>
   <div class='ocr_carea' id='block_1_3' title="bbox 524 2050 735 2112">
    <p class='ocr_par' dir='ltr' id='par_1_17' title="bbox 524 2050 735 2112">
     <span class='ocr_line' id='line_1_20' title="bbox 524 2050 735 2112; baseline 0.005 -1"><span class='ocrx_word' id='word_1_138' title='bbox 524 2050 657 2112; x_wconf 81' lang='lat' dir='ltr'>SCENA</span> <span class='ocrx_word' id='word_1_139' title='bbox 680 2050 735 2112; x_wconf 86' lang='lat'>111.</span> 
     </span>
    </p>
   </div>
   <div class='ocr_carea' id='block_1_4' title="bbox 450 2205 778 2266">
    <p class='ocr_par' dir='ltr' id='par_1_18' title="bbox 450 2205 778 2266">
     <span class='ocr_line' id='line_1_21' title="bbox 450 2205 778 2266; baseline 0.009 -3"><span class='ocrx_word' id='word_1_140' title='bbox 450 2205 554 2264; x_wconf 84' lang='lat' dir='ltr'><strong>Snuo.</strong></span> <span class='ocrx_word' id='word_1_141' title='bbox 590 2205 778 2266; x_wconf 70' lang='lat' dir='ltr'><strong>Gerenos.</strong></span> 
     </span>
    </p>
   </div>
   <div class='ocr_carea' id='block_1_5' title="bbox 62 2361 1110 3640">
    <p class='ocr_par' dir='ltr' id='par_1_19' title="bbox 62 2361 1110 3640">
     <span class='ocr_line' id='line_1_22' title="bbox 111 2361 1110 2442; baseline 0.006 -17"><span class='ocrx_word' id='word_1_142' title='bbox 111 2365 286 2426; x_wconf 59' lang='lat' dir='ltr'><strong>Siduuuo</strong></span> <span class='ocrx_word' id='word_1_143' title='bbox 302 2363 498 2424; x_wconf 84' lang='lat' dir='ltr'><strong>Chremetem.</strong></span> <span class='ocrx_word' id='word_1_144' title='bbox 549 2361 666 2424; x_wconf 83' lang='lat' dir='ltr'><strong>Clt.O!</strong></span> <span class='ocrx_word' id='word_1_145' title='bbox 690 2372 718 2424; x_wconf 89' lang='lat' dir='ltr'><strong>te</strong></span> <span class='ocrx_word' id='word_1_146' title='bbox 732 2363 828 2440; x_wconf 75' lang='lat' dir='ltr'><strong>ipsum</strong></span> <span class='ocrx_word' id='word_1_147' title='bbox 843 2365 1021 2442; x_wconf 72' lang='lat' dir='ltr'><strong>querebam.</strong></span> <span class='ocrx_word' id='word_1_148' title='bbox 1065 2369 1110 2432; x_wconf 74' lang='lat' dir='ltr'><strong>st.</strong></span> 
     </span>
     <span class='ocr_line' id='line_1_23' title="bbox 62 2441 756 2522; baseline -0.003 -17"><span class='ocrx_word' id='word_1_149' title='bbox 62 2497 68 2520; x_wconf 72' lang='grc'><em>,</em></span> <span class='ocrx_word' id='word_1_150' title='bbox 233 2447 271 2504; x_wconf 86' lang='lat' dir='ltr'><strong>Et</strong></span> <span class='ocrx_word' id='word_1_151' title='bbox 285 2463 339 2522; x_wconf 81' lang='lat' dir='ltr'><strong>ego</strong></span> <span class='ocrx_word' id='word_1_152' title='bbox 351 2453 391 2503; x_wconf 91' lang='lat' dir='ltr'><strong>te.</strong></span> <span class='ocrx_word' id='word_1_153' title='bbox 435 2443 487 2502; x_wconf 74' lang='lat' dir='ltr'><strong>ct.</strong></span> <span class='ocrx_word' id='word_1_154' title='bbox 497 2441 612 2520; x_wconf 74' lang='lat' dir='ltr'><strong>Optato</strong></span> <span class='ocrx_word' id='word_1_155' title='bbox 625 2441 756 2503; x_wconf 76' lang='lat' dir='ltr'><strong>advenis.</strong></span> 
     </span>
     <span class='ocr_line' id='line_1_24' title="bbox 110 2521 1069 2602; baseline 0.006 -20"><span class='ocrx_word' id='word_1_156' title='bbox 110 2524 237 2602; x_wconf 86' lang='lat' dir='ltr'><strong>Aliquot</strong></span> <span class='ocrx_word' id='word_1_157' title='bbox 253 2545 299 2584; x_wconf 86' lang='lat' dir='ltr'><strong>me</strong></span> <span class='ocrx_word' id='word_1_158' title='bbox 313 2523 421 2594; x_wconf 79' lang='lat' dir='ltr'><strong>adiere,</strong></span> <span class='ocrx_word' id='word_1_159' title='bbox 436 2531 513 2582; x_wconf 85' lang='lat' dir='ltr'><strong>exte</strong></span> <span class='ocrx_word' id='word_1_160' title='bbox 526 2522 658 2582; x_wconf 79' lang='lat' dir='ltr'><strong>auditum</strong></span> <span class='ocrx_word' id='word_1_161' title='bbox 673 2522 724 2601; x_wconf 85' lang='lat' dir='ltr'><strong>qui</strong></span> <span class='ocrx_word' id='word_1_162' title='bbox 737 2521 866 2595; x_wconf 71' lang='lat' dir='ltr'><strong>aiebant,</strong></span> <span class='ocrx_word' id='word_1_163' title='bbox 878 2522 965 2584; x_wconf 86' lang='lat' dir='ltr'><strong>hodie</strong></span> <span class='ocrx_word' id='word_1_164' title='bbox 980 2525 1069 2588; x_wconf 82' lang='lat' dir='ltr'><strong>filium</strong></span> 
     </span>
     <span class='ocr_line' id='line_1_25' title="bbox 108 2601 1017 2680; baseline -0.002 -14"><span class='ocrx_word' id='word_1_165' title='bbox 108 2605 208 2666; x_wconf 84' lang='lat' dir='ltr'><strong>Meum</strong></span> <span class='ocrx_word' id='word_1_166' title='bbox 222 2607 332 2665; x_wconf 83' lang='lat' dir='ltr'><strong>nubere</strong></span> <span class='ocrx_word' id='word_1_167' title='bbox 343 2614 395 2663; x_wconf 89' lang='lat' dir='ltr'><strong>tuo</strong></span> <span class='ocrx_word' id='word_1_168' title='bbox 409 2613 516 2680; x_wconf 78' lang='lat' dir='ltr'><strong>gnato:</strong></span> <span class='ocrx_word' id='word_1_169' title='bbox 537 2601 565 2662; x_wconf 91' lang='lat' dir='ltr'><strong>id</strong></span> <span class='ocrx_word' id='word_1_170' title='bbox 584 2604 655 2674; x_wconf 83' lang='lat' dir='ltr'><strong>vieo,</strong></span> <span class='ocrx_word' id='word_1_171' title='bbox 670 2604 744 2676; x_wconf 85' lang='lat' dir='ltr'><strong>tun’,</strong></span> <span class='ocrx_word' id='word_1_172' title='bbox 759 2623 795 2662; x_wconf 82' lang='lat' dir='ltr'><strong>uu</strong></span> <span class='ocrx_word' id='word_1_173' title='bbox 809 2603 850 2662; x_wconf 86' lang='lat' dir='ltr'><strong>illi</strong></span> <span class='ocrx_word' id='word_1_174' title='bbox 864 2604 1017 2666; x_wconf 74' lang='lat' dir='ltr'><strong>insaniant.</strong></span> 
     </span>
     <span class='ocr_line' id='line_1_26' title="bbox 113 2682 1109 2778; baseline 0.001 -31"><span class='ocrx_word' id='word_1_175' title='bbox 113 2687 158 2747; x_wconf 85' lang='lat' dir='ltr'><strong>Sr&#39;.</strong></span> <span class='ocrx_word' id='word_1_176' title='bbox 174 2687 317 2778; x_wconf 80' lang='lat' dir='ltr'><strong>Ausculto</strong></span> <span class='ocrx_word' id='word_1_177' title='bbox 332 2683 454 2763; x_wconf 70' lang='lat' dir='ltr'><strong>paucist</strong></span> <span class='ocrx_word' id='word_1_178' title='bbox 467 2693 495 2744; x_wconf 88' lang='lat' dir='ltr'><strong>et</strong></span> <span class='ocrx_word' id='word_1_179' title='bbox 511 2682 583 2761; x_wconf 91' lang='lat' dir='ltr'><strong>quid</strong></span> <span class='ocrx_word' id='word_1_180' title='bbox 596 2703 650 2762; x_wconf 80' lang='lat' dir='ltr'><strong>ego</strong></span> <span class='ocrx_word' id='word_1_181' title='bbox 665 2691 694 2744; x_wconf 81' lang='lat' dir='ltr'><strong>te</strong></span> <span class='ocrx_word' id='word_1_182' title='bbox 704 2683 801 2756; x_wconf 85' lang='lat' dir='ltr'><strong>velim,</strong></span> <span class='ocrx_word' id='word_1_183' title='bbox 816 2693 846 2744; x_wconf 88' lang='lat' dir='ltr'><strong>et</strong></span> <span class='ocrx_word' id='word_1_184' title='bbox 861 2695 892 2744; x_wconf 89' lang='lat' dir='ltr'><strong>tu</strong></span> <span class='ocrx_word' id='word_1_185' title='bbox 902 2687 982 2763; x_wconf 88' lang='lat' dir='ltr'><strong>quud</strong></span> <span class='ocrx_word' id='word_1_186' title='bbox 993 2689 1109 2765; x_wconf 70' lang='lat' dir='ltr'><strong>quaeris,</strong></span> 
     </span>
     <span class='ocr_line' id='line_1_27' title="bbox 232 2785 317 2825; baseline -0.012 -1"><span class='ocrx_word' id='word_1_187' title='bbox 232 2785 317 2825; x_wconf 78' lang='lat' dir='ltr'><strong>seres.</strong></span> 
     </span>
     <span class='ocr_line' id='line_1_28' title="bbox 112 2841 684 2922; baseline -0.014 -15"><span class='ocrx_word' id='word_1_188' title='bbox 112 2847 167 2907; x_wconf 77' lang='lat' dir='ltr'><strong>Ch.</strong></span> <span class='ocrx_word' id='word_1_189' title='bbox 183 2847 350 2906; x_wconf 71' lang='lat' dir='ltr'><strong>Ausculto:</strong></span> <span class='ocrx_word' id='word_1_190' title='bbox 374 2844 492 2922; x_wconf 83' lang='lat' dir='ltr'><strong>loquere</strong></span> <span class='ocrx_word' id='word_1_191' title='bbox 507 2842 577 2920; x_wconf 86' lang='lat' dir='ltr'><strong>quid</strong></span> <span class='ocrx_word' id='word_1_192' title='bbox 593 2841 684 2902; x_wconf 79' lang='lat' dir='ltr'><strong>velis.-</strong></span> 
     </span>
     <span class='ocr_line' id='line_1_29' title="bbox 110 2919 999 3004; baseline -0.001 -19"><span class='ocrx_word' id='word_1_193' title='bbox 110 2925 155 2986; x_wconf 79' lang='lat' dir='ltr'><strong>Si.</strong></span> <span class='ocrx_word' id='word_1_194' title='bbox 171 2926 226 2984; x_wconf 84' lang='lat' dir='ltr'><strong>Per</strong></span> <span class='ocrx_word' id='word_1_195' title='bbox 235 2945 289 3004; x_wconf 78' lang='lat' dir='ltr'><strong>ego</strong></span> <span class='ocrx_word' id='word_1_196' title='bbox 300 2935 328 2984; x_wconf 86' lang='lat' dir='ltr'><strong>te</strong></span> <span class='ocrx_word' id='word_1_197' title='bbox 341 2925 423 2984; x_wconf 72' lang='lat' dir='ltr'><strong>Deus</strong></span> <span class='ocrx_word' id='word_1_198' title='bbox 434 2943 497 2993; x_wconf 84' lang='lat' dir='ltr'><strong>oro,</strong></span> <span class='ocrx_word' id='word_1_199' title='bbox 510 2933 540 2982; x_wconf 86' lang='lat' dir='ltr'><strong>et</strong></span> <span class='ocrx_word' id='word_1_200' title='bbox 553 2919 854 2991; x_wconf 81' lang='lat' dir='ltr'><strong>nostramumioitiem,</strong></span> <span class='ocrx_word' id='word_1_201' title='bbox 864 2923 999 2995; x_wconf 82' lang='lat' dir='ltr'><strong>Chreme,</strong></span> 
     </span>
     <span class='ocr_line' id='line_1_30' title="bbox 110 3000 932 3084; baseline -0.005 -19"><span class='ocrx_word' id='word_1_202' title='bbox 110 3008 200 3078; x_wconf 84' lang='lat' dir='ltr'><strong>Quae,</strong></span> <span class='ocrx_word' id='word_1_203' title='bbox 215 3006 364 3084; x_wconf 79' lang='lat' dir='ltr'><strong>inceptae</strong></span> <span class='ocrx_word' id='word_1_204' title='bbox 379 3003 488 3081; x_wconf 82' lang='lat' dir='ltr'><strong>parvis,</strong></span> <span class='ocrx_word' id='word_1_205' title='bbox 504 3022 572 3062; x_wconf 87' lang='lat' dir='ltr'><strong>eum</strong></span> <span class='ocrx_word' id='word_1_206' title='bbox 586 3011 674 3062; x_wconf 80' lang='lat' dir='ltr'><strong>aetute</strong></span> <span class='ocrx_word' id='word_1_207' title='bbox 683 3000 817 3062; x_wconf 76' lang='lat' dir='ltr'><strong>adcrevit</strong></span> <span class='ocrx_word' id='word_1_208' title='bbox 831 3003 932 3078; x_wconf 54' lang='lat' dir='ltr'><strong>simun</strong></span> 
     </span>
     <span class='ocr_line' id='line_1_31' title="bbox 112 3083 906 3164; baseline -0.005 -20"><span class='ocrx_word' id='word_1_209' title='bbox 112 3087 227 3164; x_wconf 83' lang='lat' dir='ltr'><strong>Perque</strong></span> <span class='ocrx_word' id='word_1_210' title='bbox 241 3083 355 3144; x_wconf 82' lang='lat' dir='ltr'><strong>unicum</strong></span> <span class='ocrx_word' id='word_1_211' title='bbox 371 3092 489 3160; x_wconf 80' lang='lat' dir='ltr'><strong>gnatam</strong></span> <span class='ocrx_word' id='word_1_212' title='bbox 503 3091 595 3154; x_wconf 81' lang='lat' dir='ltr'><strong>tuum,</strong></span> <span class='ocrx_word' id='word_1_213' title='bbox 618 3094 648 3140; x_wconf 86' lang='lat' dir='ltr'><strong>et</strong></span> <span class='ocrx_word' id='word_1_214' title='bbox 663 3091 782 3156; x_wconf 82' lang='lat' dir='ltr'><strong>gnatum</strong></span> <span class='ocrx_word' id='word_1_215' title='bbox 798 3100 906 3154; x_wconf 85' lang='lat' dir='ltr'><strong>meum,</strong></span> 
     </span>
     <span class='ocr_line' id='line_1_32' title="bbox 111 3157 1090 3244; baseline -0.001 -21"><span class='ocrx_word' id='word_1_216' title='bbox 111 3166 205 3242; x_wconf 84' lang='lat' dir='ltr'><strong>Cujus</strong></span> <span class='ocrx_word' id='word_1_217' title='bbox 221 3165 274 3225; x_wconf 82' lang='lat' dir='ltr'><strong>tibi</strong></span> <span class='ocrx_word' id='word_1_218' title='bbox 286 3175 420 3244; x_wconf 79' lang='lat' dir='ltr'><strong>potestas</strong></span> <span class='ocrx_word' id='word_1_219' title='bbox 435 3181 548 3224; x_wconf 81' lang='lat' dir='ltr'><strong>summu</strong></span> <span class='ocrx_word' id='word_1_220' title='bbox 562 3157 811 3231; x_wconf 77' lang='lat' dir='ltr'><strong>serrendidetur3</strong></span> <span class='ocrx_word' id='word_1_221' title='bbox 850 3169 853 3177; x_wconf 87' lang='lat'>&#39;</span> <span class='ocrx_word' id='word_1_222' title='bbox 1087 3213 1090 3222; x_wconf 25' lang='grc' dir='ltr'><strong>Α</strong></span> 
     </span>
     <span class='ocr_line' id='line_1_33' title="bbox 111 3241 1108 3322; baseline -0.007 -18"><span class='ocrx_word' id='word_1_223' title='bbox 111 3245 152 3304; x_wconf 85' lang='lat' dir='ltr'><strong>Ut</strong></span> <span class='ocrx_word' id='word_1_224' title='bbox 167 3265 212 3305; x_wconf 84' lang='lat' dir='ltr'><strong>ure</strong></span> <span class='ocrx_word' id='word_1_225' title='bbox 226 3245 346 3322; x_wconf 83' lang='lat' dir='ltr'><strong>adjuves</strong></span> <span class='ocrx_word' id='word_1_226' title='bbox 357 3245 385 3302; x_wconf 86' lang='lat' dir='ltr'><strong>iu</strong></span> <span class='ocrx_word' id='word_1_227' title='bbox 401 3241 456 3301; x_wconf 71' lang='lat' dir='ltr'><strong>huc</strong></span> <span class='ocrx_word' id='word_1_228' title='bbox 470 3263 520 3310; x_wconf 85' lang='lat' dir='ltr'><strong>re;</strong></span> <span class='ocrx_word' id='word_1_229' title='bbox 550 3251 638 3319; x_wconf 84' lang='lat' dir='ltr'><strong>utque</strong></span> <span class='ocrx_word' id='word_1_230' title='bbox 653 3241 704 3312; x_wconf 83' lang='lat' dir='ltr'><strong>ita,</strong></span> <span class='ocrx_word' id='word_1_231' title='bbox 718 3251 750 3300; x_wconf 88' lang='lat' dir='ltr'><strong>ut</strong></span> <span class='ocrx_word' id='word_1_232' title='bbox 764 3241 876 3319; x_wconf 82' lang='lat' dir='ltr'><strong>nuptiae</strong></span> <span class='ocrx_word' id='word_1_233' title='bbox 1072 3253 1108 3304; x_wconf 90' lang='lat'><strong>10</strong></span> 
     </span>
     <span class='ocr_line' id='line_1_34' title="bbox 109 3311 892 3396; baseline -0.006 -13"><span class='ocrx_word' id='word_1_234' title='bbox 109 3326 237 3385; x_wconf 79' lang='lat' dir='ltr'><strong>Fuerant</strong></span> <span class='ocrx_word' id='word_1_235' title='bbox 251 3325 365 3396; x_wconf 74' lang='lat' dir='ltr'><strong>sutore,</strong></span> <span class='ocrx_word' id='word_1_236' title='bbox 381 3311 463 3381; x_wconf 82' lang='lat' dir='ltr'><strong>fiunt.</strong></span> <span class='ocrx_word' id='word_1_237' title='bbox 507 3323 559 3382; x_wconf 80' lang='lat' dir='ltr'><strong>ct.</strong></span> <span class='ocrx_word' id='word_1_238' title='bbox 570 3322 628 3392; x_wconf 86' lang='lat' dir='ltr'><strong>Ah,</strong></span> <span class='ocrx_word' id='word_1_239' title='bbox 643 3340 678 3379; x_wconf 89' lang='lat' dir='ltr'><strong>ne</strong></span> <span class='ocrx_word' id='word_1_240' title='bbox 693 3341 740 3379; x_wconf 89' lang='lat' dir='ltr'><strong>me</strong></span> <span class='ocrx_word' id='word_1_241' title='bbox 750 3321 892 3390; x_wconf 79' lang='lat' dir='ltr'><strong>obseeru3</strong></span> 
     </span>
     <span class='ocr_line' id='line_1_35' title="bbox 108 3401 867 3479; baseline -0.009 -14"><span class='ocrx_word' id='word_1_242' title='bbox 108 3405 205 3473; x_wconf 80' lang='lat' dir='ltr'><strong>Quasi</strong></span> <span class='ocrx_word' id='word_1_243' title='bbox 220 3406 277 3464; x_wconf 86' lang='lat' dir='ltr'><strong>hoo</strong></span> <span class='ocrx_word' id='word_1_244' title='bbox 292 3415 320 3464; x_wconf 91' lang='lat' dir='ltr'><strong>te</strong></span> <span class='ocrx_word' id='word_1_245' title='bbox 335 3402 447 3463; x_wconf 85' lang='lat' dir='ltr'><strong>orando</strong></span> <span class='ocrx_word' id='word_1_246' title='bbox 461 3422 480 3462; x_wconf 80' lang='lat' dir='ltr'><strong>a</strong></span> <span class='ocrx_word' id='word_1_247' title='bbox 494 3421 540 3460; x_wconf 90' lang='lat' dir='ltr'><strong>me</strong></span> <span class='ocrx_word' id='word_1_248' title='bbox 554 3401 710 3479; x_wconf 79' lang='lat' dir='ltr'><strong>impetrare</strong></span> <span class='ocrx_word' id='word_1_249' title='bbox 723 3409 867 3477; x_wconf 81' lang='lat' dir='ltr'><strong>oporteat.</strong></span> 
     </span>
     <span class='ocr_line' id='line_1_36' title="bbox 109 3478 993 3558; baseline -0.003 -15"><span class='ocrx_word' id='word_1_250' title='bbox 109 3485 206 3544; x_wconf 85' lang='lat' dir='ltr'><strong>Alium</strong></span> <span class='ocrx_word' id='word_1_251' title='bbox 219 3505 283 3544; x_wconf 86' lang='lat' dir='ltr'><strong>esse</strong></span> <span class='ocrx_word' id='word_1_252' title='bbox 298 3503 398 3543; x_wconf 86' lang='lat' dir='ltr'><strong>censes</strong></span> <span class='ocrx_word' id='word_1_253' title='bbox 412 3501 488 3540; x_wconf 86' lang='lat' dir='ltr'><strong>nuno</strong></span> <span class='ocrx_word' id='word_1_254' title='bbox 501 3502 558 3551; x_wconf 88' lang='lat' dir='ltr'><strong>me,</strong></span> <span class='ocrx_word' id='word_1_255' title='bbox 574 3493 662 3558; x_wconf 82' lang='lat' dir='ltr'><strong>utque</strong></span> <span class='ocrx_word' id='word_1_256' title='bbox 673 3480 741 3538; x_wconf 87' lang='lat' dir='ltr'><strong>olim</strong></span> <span class='ocrx_word' id='word_1_257' title='bbox 758 3498 848 3555; x_wconf 86' lang='lat' dir='ltr'><strong>quum</strong></span> <span class='ocrx_word' id='word_1_258' title='bbox 862 3478 993 3540; x_wconf 64' lang='lat' dir='ltr'><strong>dabam?</strong></span> 
     </span>
     <span class='ocr_line' id='line_1_37' title="bbox 110 3557 820 3640; baseline -0.008 -16"><span class='ocrx_word' id='word_1_259' title='bbox 110 3564 142 3624; x_wconf 82' lang='lat' dir='ltr'><strong>Si</strong></span> <span class='ocrx_word' id='word_1_260' title='bbox 156 3565 185 3623; x_wconf 90' lang='lat' dir='ltr'><strong>in</strong></span> <span class='ocrx_word' id='word_1_261' title='bbox 201 3585 260 3624; x_wconf 85' lang='lat' dir='ltr'><strong>reru</strong></span> <span class='ocrx_word' id='word_1_262' title='bbox 275 3572 321 3623; x_wconf 81' lang='lat' dir='ltr'><strong>est</strong></span> <span class='ocrx_word' id='word_1_263' title='bbox 335 3562 460 3640; x_wconf 84' lang='lat' dir='ltr'><strong>utrique,</strong></span> <span class='ocrx_word' id='word_1_264' title='bbox 472 3574 506 3620; x_wconf 87' lang='lat' dir='ltr'><strong>ut</strong></span> <span class='ocrx_word' id='word_1_265' title='bbox 521 3560 602 3631; x_wconf 81' lang='lat' dir='ltr'><strong>fiunt,</strong></span> <span class='ocrx_word' id='word_1_266' title='bbox 617 3559 723 3618; x_wconf 81' lang='lat' dir='ltr'><strong>arcessi</strong></span> <span class='ocrx_word' id='word_1_267' title='bbox 733 3557 820 3632; x_wconf 88' lang='lat' dir='ltr'><strong>jube.</strong></span> 
     </span>
    </p>
   </div>
   <div class='ocr_carea' id='block_1_6' title="bbox 110 3637 834 3724">
    <p class='ocr_par' dir='ltr' id='par_1_20' title="bbox 110 3637 834 3724">
     <span class='ocr_line' id='line_1_38' title="bbox 110 3637 834 3724; baseline -0.014 -19"><span class='ocrx_word' id='word_1_268' title='bbox 110 3645 168 3705; x_wconf 85' lang='lat' dir='ltr'><strong>Sed</strong></span> <span class='ocrx_word' id='word_1_269' title='bbox 184 3645 209 3704; x_wconf 82' lang='lat' dir='ltr'><strong>si</strong></span> <span class='ocrx_word' id='word_1_270' title='bbox 219 3665 255 3705; x_wconf 77' lang='lat' dir='ltr'><strong>ex</strong></span> <span class='ocrx_word' id='word_1_271' title='bbox 266 3645 301 3705; x_wconf 65' lang='lat' dir='ltr'><strong>ee</strong></span> <span class='ocrx_word' id='word_1_272' title='bbox 311 3661 343 3705; x_wconf 86' lang='lat' dir='ltr'><strong>re</strong></span> <span class='ocrx_word' id='word_1_273' title='bbox 357 3643 423 3724; x_wconf 82' lang='lat' dir='ltr'><strong>plus</strong></span> <span class='ocrx_word' id='word_1_274' title='bbox 438 3642 506 3703; x_wconf 82' lang='lat' dir='ltr'><strong>mali</strong></span> <span class='ocrx_word' id='word_1_275' title='bbox 520 3641 568 3713; x_wconf 72' lang='grc' dir='ltr'><strong>ἐι,</strong></span> <span class='ocrx_word' id='word_1_276' title='bbox 582 3639 671 3720; x_wconf 63' lang='lat' dir='ltr'><strong>quum</strong></span> <span class='ocrx_word' id='word_1_277' title='bbox 685 3637 834 3698; x_wconf 83' lang='lat' dir='ltr'><strong>commodi</strong></span> 
     </span>
    </p>
   </div>
   <div class='ocr_carea' id='block_1_7' title="bbox 0 0 1206 4038">
    <p class='ocr_par' dir='ltr' id='par_1_21' title="bbox 0 0 1206 4038">
     <span class='ocr_line' id='line_1_39' title="bbox 0 0 1206 4038; baseline 0 0"><span class='ocrx_word' id='word_1_278' title='bbox 0 0 1206 4038; x_wconf 95' lang='lat' dir='ltr'><strong> </strong></span> 
     </span>
    </p>
   </div>
  </div>
 </body>
</html>
