2404 4038
1 138 6 224 i

1 612 2 623 ,
107 559 248 630 Primum,
259 559 322 634 jam
339 559 459 617 ancillas
474 574 574 617 secum
585 555 713 616 adduxit
728 557 795 634 pleis
810 557 922 626 denen,

1 641 3 730 l

107 243 148 313 96
351 239 860 304 desumunlmnuntmnos
876 284 884 302 .

0 401 1 406 ’
108 397 231 471 Haberi,
246 396 446 478 quidvisdare
460 395 566 475 cquis:
582 413 665 465 'naam
680 396 857 467 nttnsnies,
1068 403 1113 455 4⁰

107 479 206 548 Quam
221 501 254 538 ea
271 499 348 540 nuno
361 478 505 537 instructu
519 477 642 555 pnlelrre
655 477 694 535 ad
711 476 957 555 pemiciewsiet:

108 639 253 700 Oneratas
268 648 356 711 veste,
371 648 462 716 atque
474 659 558 698 auro.
601 639 741 715 Satrapes
756 637 780 694 si
793 638 851 697 siet

1 737 2 755 ³
107 722 238 790 Amator,
253 739 402 798 nunquam
414 719 537 778 sufferre
550 719 616 794 ejus
629 727 743 778 sumtus
756 727 864 796 queutt

1 841 2 874 4
109 801 225 859 Nedum
240 808 273 858 tu
289 801 396 878 possis.
438 801 503 860 Me.
525 801 615 858 Estne
625 817 664 856 eu
678 799 781 858 intnsl
821 797 879 858 Cb.
895 795 1068 875 :Situegss't

1 899 2 918 ¹
106 881 210 939 Sensi:
232 899 360 956 namque
374 881 400 938 ei
415 899 501 938 uuam
517 897 629 938 coeuam
644 877 985 955 arqueajuseominnus

107 959 186 1036 Dedi
198 980 206 1030 ς
229 961 348 1038 quodsi
363 961 466 1019 iterum
481 959 553 1018 milri
567 959 725 1030 sitdsndn,
739 967 839 1017 ertum
853 958 920 1019 siet.

106 1041 183 1100 Nam
200 1049 231 1098 ut
245 1041 301 1098 alie
314 1041 456 1112 omittam,
472 1039 645 1118 pytissando
656 1037 750 1097 vsnndb
760 1039 836 1097 uullr'i

106 1120 186 1190 Quid
200 1120 256 1178 viui
271 1120 434 1180 absumsit!
457 1121 500 1180 sio
516 1120 583 1189 lroo,
597 1118 719 1188 dioeus;
740 1121 891 1197 asperum,

106 1198 203 1271 Pater,
220 1202 277 1259 hoo
291 1212 336 1260 est
350 1221 358 1269 ;
380 1201 460 1261 alind
472 1199 567 1260 leuius
580 1199 665 1258 sodes
681 1199 761 1259 vide.
1068 1207 1107 1260 5⁰

107 1279 206 1341 Relevi
221 1281 300 1339 dolia
314 1281 421 1351 narnia,
437 1299 536 1340 omnes
550 1279 658 1350 serias;

107 1361 219 1420 Omnes
234 1361 373 1420 sollicitos
388 1362 496 1422 babai:
517 1371 607 1440 atque
617 1361 687 1420 *baso
703 1380 842 1420 unanros.

104 1441 184 1510 Quid
199 1452 228 1502 te
243 1441 373 1502 mtnrnm
388 1461 501 1512 censes,
516 1461 601 1519 quum
617 1442 733 1499 assidue
745 1441 894 1500 easdent'l

105 1521 155 1580 Sin
171 1542 216 1580 me
234 1523 272 1582 Dl
286 1523 437 1592 amabunt,
453 1531 485 1581 nt
500 1541 546 1580 me
560 1533 673 1578 tuarum
687 1522 915 1590 nuserttumast,

106 1603 292 1672 Menedemo,
308 1601 500 1662 fortunarum.
544 1601 606 1658 Mo.
629 1601 729 1660 Faciat
745 1600 825 1678 quod
840 1600 940 1660 lubet:

105 1683 218 1753 Sumat,
232 1691 395 1750 consumat,
410 1679 525 1760 perdat,
540 1679 688 1742 denretum
702 1685 737 1738 ’st
749 1681 822 1760 pati,

106 1765 184 1822 Dum
199 1760 279 1820 illum
294 1760 383 1819 snodd
397 1762 522 1820 habeam
538 1779 663 1820 mecum.
707 1761 761 1820 ca.
779 1762 813 1820 Si
826 1768 939 1820 uertunt
948 1767 997 1818 est
1009 1757 1065 1818 tibi
1084 1781 1085 1784 ¹

104 1843 152 1902 Sic
163 1841 271 1910 lacere,
287 1839 357 1898 illud
373 1841 522 1920 permagni
536 1839 642 1900 referre
657 1840 794 1913 arbitror,

105 1923 147 1982 Ut
160 1941 196 1980 ne
210 1919 346 1979 scientem
363 1921 468 1982 sentiat
483 1933 512 1981 te
527 1920 555 1980 id
570 1921 626 1979 sibi
639 1919 721 1982 dare.

104 2001 169 2062 Me.
192 2000 270 2070 Quid
285 1999 418 2063 lacieml
442 2002 495 2062 Cli.
510 2001 634 2071 Quidvis
649 2001 758 2078 potins,
774 2002 862 2081 qudm
876 1999 1107 2080 quodcogitss:

103 2083 160 2142 Iler
171 2083 258 2141 alium
275 2083 406 2160 quemvis
418 2093 450 2141 nt
464 2083 534 2142 des:
557 2082 617 2140 lalli
631 2093 661 2141 te
675 2083 752 2142 siuns
1054 2079 1101 2142 ‘61

101 2163 231 2223 Technis
245 2183 300 2240 per
313 2164 458 2222 servulum
472 2183 480 2232 ς
503 2162 558 2221 etsi
568 2161 701 2220 subsensi
715 2163 744 2220 id
756 2181 887 2242 quoqne,

102 2243 171 2304 lllos
185 2244 225 2302 ibi
237 2262 310 2313 esse,
325 2253 355 2302 et
365 2244 394 2302 id
410 2261 495 2319 agere
509 2244 627 2301 interae
640 2242 820 2304 clanculum.

102 2324 191 2404 Syrus
201 2343 277 2384 oum.
286 2323 337 2384 illo
351 2333 448 2383 restro
457 2324 670 2384 consueuerat!
692 2323 850 2384 conserunt

102 2405 232 2465 Consilia
247 2404 468 2465 adolescentes:
490 2415 520 2465 et
532 2405 587 2464 tibi
602 2403 724 2482 perdere

60 2538 64 2548 .
101 2486 255 2546 Talentum
269 2485 430 2564 aoepacto
445 2487 535 2544 satius
549 2495 605 2556 est,
620 2484 707 2562 qnbm
723 2483 905 2543 illoanirun.

102 2566 172 2623 Non
186 2583 265 2622 nunc
279 2563 316 2622 de
331 2564 458 2642 pecunie
471 2565 586 2642 agitur:
608 2565 661 2622 sed
677 2563 926 2642 illud,·qnosnoelo

102 2644 229 2706 Minimo
243 2643 353 2720 periclo
364 2643 393 2702 id
409 2643 513 2701 denms
526 2642 759 2702 adolescentulo.

102 2725 180 2786 Nam
192 2727 218 2784 si
232 2723 323 2784 semel
336 2733 419 2783 tuum
428 2722 562 2784 animum
577 2723 625 2782 ille
639 2723 824 2797 intellexerit,

102 2805 186 2866 erus
200 2803 430 2886 prodituramue
444 2813 524 2864 tuam
539 2803 642 2876 vitam,
655 2815 686 2865 et
701 2804 781 2882 prius
1039 2849 1041 2852 -
1064 2813 1105 2873 7⁰

100 2886 259 2951 Pecuniam
273 2904 398 2956 omnem,
414 2883 502 2964 quem
516 2884 570 2944 abs
584 2895 613 2944 te
627 2885 745 2945 amittas
760 2884 868 2953 filionis
891 2883 951 2954 luni,

103 2969 252 3034 Quantam
268 2965 423 3026 fenestram
438 2964 858 3043 adsequuamparetsouat

102 3046 170 3107 Tibi
182 3058 280 3107 antem
296 3065 386 3130 porro
402 3057 433 3106 ut
447 3065 504 3105 nou
518 3046 557 3105 sit
571 3066 660 3106 suave
674 3047 793 3108 vivere:

101 3128 179 3187 Nam
190 3127 351 3187 deteriores
364 3145 465 3186 ornnes
479 3145 580 3188 snmus
591 3127 721 3188 lieentill.

102 3206 312 3284 Quodcunque
325 3206 458 3265 inciderit
473 3207 650 3278 innuentem,
665 3207 761 3266 soleta
774 3223 879 3284 ‘neque
892 3203 923 3264 id

101 3286 234 3358 Putabit,
250 3305 370 3364 pravum
383 3304 420 3345 an
431 3296 543 3346 sectum
559 3287 626 3360 siet,
642 3287 720 3365 quod
734 3294 830 3364 pete.
938 3307 942 3314 ’

100 3366 147 3427 Tu
160 3385 220 3426 rem
235 3365 498 3443 perirest-ipsura,
514 3385 573 3426 nou
587 3367 697 3446 poteris
712 3366 784 3446 pati.

100 3449 179 3508 Dare
193 3445 359 3522 denegarim
382 3445 440 3506 ibit
452 3447 576 3506 adillud
591 3447 670 3520 ilion,

100 3527 170 3596 Quo
185 3526 319 3587 maxume
333 3525 413 3602 apud
427 3536 456 3584 te
471 3546 502 3586 se
510 3527 608 3586 valere
617 3525 745 3587 sentiet:

101 3607 258 3670 Abiturum
273 3626 304 3666 se
318 3606 413 3668 auree
426 3625 489 3666 sese
503 3606 573 3668 ilioo
585 3607 756 3668 minabitur.
