2402 4036
101 272 158 328 152
462 265 486 286 ”
505 259 697 324 unctum.
720 261 725 271 '
761 331 763 335 ¹
797 266 802 281 ’

101 420 189 479 Scio:
203 415 288 479 'istuc
303 417 394 478 ibam.
436 415 577 477 Multam
593 417 721 490 homine,
737 419 859 489 Demea,

96 501 191 578 Signa
206 501 315 571 insunt,
331 519 368 558 ex
383 497 490 574 quibus
504 500 677 574 conjectura
690 499 775 560 facile
786 499 840 566 fin

103 581 173 638 Duo
188 599 277 657 quum
293 578 369 637 idem
386 577 507 648 faciunt,
523 598 613 656 saepe,
628 587 661 636 ut
674 579 767 656 possis
782 579 891 648 dicere,

103 659 170 719 Hoc
186 659 257 719 licet
270 661 389 734 impune
404 657 501 716 facere
518 659 597 728 huic,
612 658 653 716 illi
669 675 726 716 uon
740 658 826 728 licet;

103 739 172 798 Nou
187 739 267 817 quod
283 737 431 797 dissimilis
446 753 491 796 res
506 735 559 808 εἰς
571 737 716 814 sedqudd
732 735 766 808 ls,
779 739 831 815 qui
844 735 935 797 fucit:

103 819 180 886 Quae
192 838 250 897 ego
264 819 319 877 illis
334 821 429 877 inesse
444 817 541 887 video,
558 827 590 886 ut
603 816 751 876 confidam
766 815 839 887 fore,
1065 825 1104 877 40

104 901 148 957 lta
162 907 194 956 ut
211 899 368 980 volumuse'
386 897 472 955 rideo
487 893 602 974 ¹sapere,
617 893 788 975 intelligere,
802 897 831 957 in
845 894 911 956 loco

104 979 214 1049 Vereri,
229 979 305 1038 inter
319 997 350 1034 se
364 994 481 1035 amare:
504 977 579 1034 scire
594 987 639 1036 est
653 975 776 1036 liberum

100 1057 269 1134 Ingenium,
285 1067 375 1134 atque
389 1056 536 1126 animum
560 1057 664 1134 quovis
679 1055 746 1116 illos
761 1066 793 1115 tu
806 1053 854 1116 die

104 1137 259 1196 Reducas:
282 1147 312 1194 at
327 1135 402 1196 euim
417 1145 542 1206 metuas,
555 1157 591 1195 ue
605 1137 643 1194 ab
658 1157 687 1194 re
703 1137 760 1196 sint
775 1147 871 1197 tamen
926 1137 933 1204 ,’

105 1217 281 1276 Omissiores
296 1215 405 1293 paullo.
445 1213 588 1276 Ouester
603 1215 725 1288 Demea,
811 1279 813 1282 ,
875 1246 876 1249 ¹

104 1297 151 1359 Ad
167 1299 261 1355 omnia
277 1297 330 1354 alia
345 1305 430 1356 aetute
446 1297 575 1374 sapimus
590 1295 718 1356 rectirls:

105 1376 207 1436 Solum
223 1397 311 1438 unum
328 1379 384 1435 hoc
399 1377 500 1435 vitium
514 1385 648 1436 senectus
661 1375 757 1454 adfert
770 1373 956 1446 homiuibus;

104 1458 286 1517 Attentiores
300 1477 397 1516 sumus
409 1455 445 1515 ad
461 1475 521 1516 rem
537 1475 647 1527 omnes,
665 1456 751 1532 quam
766 1464 887 1521 coteste

105 1538 194 1606 Quod
210 1539 333 1597 illuceat
352 1549 422 1596 aetus
436 1547 532 1596 acuet.
575 1537 634 1596 De.
650 1537 697 1596 Ne
712 1536 830 1596 uimirlur
846 1535 935 1594 tuodd

104 1617 194 1676 Bonae
210 1629 268 1676 tuae
282 1618 347 1676 istae
360 1636 413 1674 nos
425 1619 561 1687 rationes,
577 1615 679 1688 Micio,
1067 1623 1102 1674 50
1191 1631 1192 1634 ’

107 1694 147 1754 Et
158 1707 225 1756 tuus
239 1698 299 1754 iste
309 1696 421 1754 animus
436 1713 548 1772 aequus,
564 1697 748 1754 subvortatrt.
791 1695 853 1754 Mt.
866 1695 968 1755 Tace:

106 1777 173 1836 Non
190 1775 261 1834 fiet:
282 1775 362 1832 mitte
371 1773 435 1849 jam
448 1774 550 1833 istaec:
573 1773 611 1832 da
626 1786 654 1833 te
669 1773 756 1836 hodie
770 1775 856 1834 milri:
926 1795 928 1805 ¹
1033 1775 1036 1782 '

105 1855 241 1932 Exporge
255 1853 390 1914 frontem.
433 1855 493 1914 De.
508 1855 639 1926 Scilicet,
649 1857 695 1914 ita
710 1865 826 1932 tempus
841 1855 917 1924 fert;

107 1934 288 1993 Faciundum
303 1941 366 1992 est:
388 1933 589 1994 caeterdmrus
603 1953 747 1994 croscum
763 1933 824 1994 filio
1191 1931 1192 1972 l

108 2017 181 2072 Cum
199 2016 293 2092 primo
306 2015 377 2084 lucu
392 2015 442 2072 ibo
457 2015 535 2074 irinc.
579 2014 641 2074 Mi.
656 2017 751 2074 Immo
762 2015 800 2074 de
814 2024 902 2074 nocte
916 2034 1024 2075 censeo
1037 2037 1045 2085 ;

108 2093 204 2154 Hodie
220 2094 309 2154 mado
325 2093 447 2153 hilarum
462 2093 509 2154 lac
524 2105 563 2152 te.
607 2095 667 2155 De.
678 2097 715 2153 Et
729 2095 815 2154 istam
830 2096 981 2174 psaltriam

110 2174 175 2233 Una
189 2175 258 2234 illuc
272 2195 384 2234 mecum
401 2173 470 2233 hinc
481 2175 656 2232 abstrahant.
681 2196 683 2201 ·
701 2175 760 2232 Mt.
777 2175 961 2252 Pugnaveris.

102 2257 153 2314 on
167 2261 255 2332 pacto
268 2249 405 2332 prorsum
419 2255 478 2312 illie
493 2255 617 2332 alligt'ris
632 2253 743 2314 lilium:

108 2335 204 2395 Modo
218 2336 320 2402 facito,
337 2346 370 2394 ut
383 2336 463 2396 illam
478 2355 583 2394 serves.
626 2337 684 2396 De.
701 2335 763 2412 Ego
775 2333 852 2394 istuc
867 2333 981 2394 videro:
1191 2399 1192 2402 Ἴ

107 2419 207 2493 Atque
222 2417 273 2484 ibi,
287 2416 392 2475 favillae
408 2415 504 2494 plena,
517 2415 602 2486 fumi,
617 2415 791 2493 acpollinis,
1066 2416 1103 2475 60
1191 2417 1192 2482 ἶ

109 2495 273 2572 Coquendo
286 2496 323 2554 sit
337 2499 416 2573 faxo,
432 2503 461 2554 et
477 2495 631 2554 molendo:
653 2505 759 2572 praeter
773 2495 837 2554 lraec

108 2575 233 2632 Meridie
248 2575 312 2649 ipso
327 2575 442 2641 faciam,
457 2585 490 2632 ut
505 2576 642 2652 stipulam
660 2575 798 2648 colligat:

107 2654 182 2711 Tam
194 2661 345 2712 excoctum
361 2653 494 2724 reddam,
516 2663 604 2730 atque
620 2664 723 2723 atram,
739 2652 825 2732 quam
842 2654 935 2714 carbo
952 2654 998 2713 ''st.
1044 2653 1102 2712 Mt.

132 2756 134 2761 ·
230 2733 350 2790 Placet:

107 2813 193 2872 Nunc
208 2812 277 2870 mihi
294 2811 390 2870 ridere
404 2831 508 2891 supere
522 2833 530 2882 ;
552 2821 642 2890 atque
656 2810 793 2890 equidem
807 2811 901 2872 filium

106 2893 182 2952 Tum
198 2894 295 2962 etiam,
311 2893 430 2964 si'nolit,
446 2911 545 2970 cogas,
561 2903 591 2950 ut
606 2912 674 2952 cum
688 2893 736 2952 illt
750 2891 806 2952 und
819 2894 920 2953 cubet.

108 2975 168 3032 De.
184 2973 328 3032 Derides?
350 2975 524 3043 fortunatus,
539 2973 589 3051 qui
602 2973 676 3032 istoc
689 2975 786 3031 animo
801 2973 867 3032 sies.

108 3054 170 3128 Ego
185 3054 288 3111 sentio.
331 3055 393 3113 Mi.
406 3055 473 3112 Ah!
495 3055 652 3131 pergisncl
674 3053 733 3113 De.
748 3054 812 3112 Jam
823 3054 887 3130 jam
902 3051 1014 3112 desino.

29 3131 30 3134 ’
109 3133 169 3191 Mi.
184 3133 278 3210 lergo
293 3132 377 3202 intrd,
393 3144 423 3192 et
437 3133 484 3192 cui
499 3134 539 3194 rei
554 3151 628 3210 opus
648 3143 700 3204 est,
723 3133 749 3192 ei
772 3133 890 3196 hilarem
913 3133 995 3192 ¹hunc
1012 3153 1103 3192 suma·
1191 3177 1192 3180 η

229 3231 293 3270 mus
309 3213 397 3272 diem.
