2402 4036
359 239 487 302 ACTUS
513 239 571 300 111.
612 237 745 300 scuNn
772 177 826 350 V..⁸
1027 246 1084 310 1⁷⁷

91 393 150 454 Le.
164 397 204 454 At
216 393 286 454 istos
300 392 416 472 invidos
427 393 467 454 Dl
480 392 621 472 perdant!
644 394 695 474 qui
709 394 773 454 haec
785 391 910 454 libenter
923 391 1070 454 nuntiant.

90 475 180 534 Pam.
194 473 257 552 Ego
271 493 316 536 me
329 473 390 534 scio
404 471 529 545 cavisse,
543 492 581 534 ue
596 473 657 534 ulla
671 473 773 534 meritb
787 473 965 532 contumelia
1044 479 1084 534 20

89 553 165 612 Fieri
178 571 196 612 a
210 553 292 612 vobis
305 563 422 632 posset:
439 551 530 632 idque
543 553 565 612 si
580 571 656 612 nunc
669 572 828 614 memorare
842 553 893 612 hlc
907 551 1004 626 velim,

90 631 188 702 Quum
202 630 280 693 fideli
294 634 392 694 auimo
406 641 438 692 et
447 631 575 710 benigno
587 631 616 692 in
631 632 710 692 illam
725 641 756 694 et
769 633 907 694 clementi
919 630 972 708 lui,

90 711 167 774 Vere
181 731 318 790 possum
339 713 368 774 ui
382 721 411 772 te
424 732 459 772 ex
473 713 538 792 ipsa
553 713 617 772 haec
630 713 722 788 magis
735 711 821 774 velirn
834 713 988 774 resciscere
996 733 1006 782 ;

87 791 228 870 Namque
241 812 276 852 eo
288 802 378 869 pacto
389 793 524 854 maxume
538 791 618 872 apud
632 787 743 854 tc'meo
757 793 810 854 erit
823 793 937 870 ingenio
950 791 1036 863 lides,

90 871 191 940 Quum
204 870 264 942 ille,
281 891 347 950 quae
362 891 439 932 uunc
454 873 484 932 in
500 871 654 952 metuique
666 882 723 946 est,
738 892 822 952 aequa
836 871 933 932 deme
947 871 1070 934 dixerit:

90 951 198 1029 Neque
213 951 278 1010 mel
292 951 381 1032 culplr
395 953 453 1012 hoc
468 951 624 1012 discidium
637 951 780 1024 evenisse,
796 953 826 1012 id
841 961 933 1012 testor
946 953 1044 1012 Deosl

90 1031 150 1092 Sed
165 1032 285 1108 quando
297 1051 361 1092 sese
375 1051 439 1092 esse
454 1031 602 1110 indignam
617 1029 742 1110 deputat
756 1032 839 1091 matri
852 1052 938 1104 meae,

87 1110 146 1170 Cui
158 1110 315 1184 coucedat,
329 1110 475 1188 cujusque
489 1131 583 1170 mores
596 1112 701 1170 toleret
715 1111 768 1170 sul
782 1111 925 1172 modestilt
933 1133 943 1182 ;

88 1189 193 1267 Neque
207 1189 263 1249 alio
278 1200 367 1268 pacto
381 1191 519 1267 componi
532 1199 631 1270 potest
645 1191 721 1249 inter
734 1208 781 1249 eas
794 1191 904 1269 gratie3

88 1269 278 1346 Segreganda
290 1278 342 1330 aut
356 1278 448 1330 mater
460 1289 478 1328 a
492 1289 537 1328 me
551 1279 606 1340 est,
618 1269 772 1346 Phidippe,
783 1280 835 1330 eut
844 1269 1030 1330 Philumena:
1045 1279 1086 1333 80
1118 1291 1121 1298 ·

89 1348 178 1407 Nunc
193 1368 239 1408 nre
254 1348 348 1427 pietus
362 1348 462 1410 matris
475 1349 573 1425 potius
588 1349 776 1416 commodum
791 1349 896 1408 suadet
909 1351 1003 1428 sequi.

89 1426 149 1488 Lu.
171 1426 332 1505 Pamphile,
354 1427 433 1488 haud
455 1427 548 1488 invito
574 1430 612 1490 ad
636 1447 721 1488 aures
748 1448 844 1488 sermo
872 1429 942 1488 milri
962 1427 1087 1489 arcessit

210 1515 290 1577 tuus,

89 1587 189 1655 Quum
200 1594 229 1646 te
239 1585 428 1664 postputlsse
441 1605 545 1647 omnes
557 1607 604 1648 res
617 1607 680 1668 prae
694 1597 812 1665 parente
826 1586 967 1666 intelligo.

89 1665 199 1725 Verum
213 1665 291 1738 ride,
305 1685 341 1726 ne
355 1667 497 1745 impulsus
511 1667 553 1726 ira
568 1669 658 1746 prave
672 1667 802 1738 insistas,
813 1667 973 1746 Pamphile.

91 1747 181 1806 Pam.
193 1745 307 1814 Quibus
320 1745 370 1802 iris
384 1747 527 1822 impulsus
542 1767 618 1803 uuuc
631 1748 660 1801 ιιι
672 1747 752 1802 ιιιιιιιι
764 1748 882 1820 iniquus
895 1747 989 1798 sleurl
1093 1766 1098 1780 ι

90 1826 167 1894 Quae
180 1843 339 1902 numquam
353 1821 515 1901 quidquem
530 1842 598 1899 erga
611 1842 658 1882 nre
672 1821 841 1882 commerita
853 1819 900 1890 bt,
914 1825 1008 1898 pater,

89 1905 180 1975 Quod
192 1903 316 1972 nollem;
337 1913 367 1962 et
381 1921 471 1980 saepe,
486 1903 565 1980 quod
581 1902 697 1970 vellem,
711 1903 842 1960 meritam
857 1901 928 1960 scio.

88 1987 235 2064 Amoque,
247 1991 277 2042 et
287 1983 388 2052 laudo,
403 1993 433 2040 et
447 1982 631 2041 vehementer
644 1979 779 2040 desidero
790 2001 799 2047 ;
812 1977 820 1994 ⁴
905 2021 908 2024 -

89 2063 167 2124 Nam
181 2065 274 2124 fuisse
284 2081 354 2141 erga
367 2081 412 2121 me
422 2061 493 2122 miro
506 2061 634 2140 ingenio,
648 2067 784 2137 expertus
798 2077 880 2127 sum;

89 2143 198 2223 Illique
211 2152 333 2220 exopto,
349 2150 381 2202 ut
394 2141 535 2218 reliquam
551 2142 641 2200 vitam
656 2139 754 2218 exigat
1046 2141 1090 2197 ,40

92 2224 168 2284 Cum
183 2242 218 2283 eo
233 2223 303 2294 siro,
319 2243 365 2282 me
379 2221 430 2300 qui
445 2222 484 2282 sit
499 2221 693 2288 fortunatiorr

92 2302 342 2380 Quandoquidem
357 2302 436 2360 illam
450 2320 468 2360 ιι
482 2320 528 2360 me
543 2299 680 2363 distrahit
692 2297 862 2360 necessitas.

94 2382 190 2444 Pttd.
204 2383 276 2442 Tibi
289 2383 317 2442 id
332 2381 362 2441 in
377 2399 463 2440 manu
476 2390 530 2452 est,
546 2399 581 2440 ne
596 2379 659 2440 liat.
705 2378 758 2438 Lo.
776 2378 808 2438 Si
820 2395 908 2441 ,sunus
921 2376 990 2446 sies,

91 2464 168 2530 lube
182 2463 259 2522 illam
274 2463 378 2522 redire.
419 2461 509 2520 Pam.
523 2459 590 2518 Non
604 2467 649 2518 est
662 2457 826 2528 consilium,
842 2467 936 2534 pater.

93 2543 198 2603 Matris
214 2542 329 2602 servibo
343 2539 516 2600 commodis.
564 2539 620 2599 La.
637 2537 706 2606 Qua
719 2537 806 2598 abis‘l
827 2555 929 2605 maner

92 2623 195 2692 Mane,
209 2622 350 2700 inquam:
373 2619 432 2700 qub
443 2619 536 2684 abiel,
550 2619 645 2682 Plrr'd.
660 2619 736 2688 Qum
751 2617 815 2677 haec
830 2627 873 2676 est
887 2612 1069 2695 pertinacial
1133 2625 1140 2663 'a

93 2701 151 2763 Ias.
165 2703 273 2774 Disiu',
283 2702 430 2782 Philippe,
444 2701 519 2760 hanc
531 2721 592 2761 rem
607 2719 683 2778 aegre
696 2699 823 2760 laturum
836 2717 901 2758 esse
914 2696 1002 2758 euml

94 2783 292 2851 Quamobrem
308 2792 336 2842 te
349 2782 482 2851 orabam,
496 2780 584 2839 liliam
599 2792 632 2840 ut
645 2780 816 2840 remitteres.
1005 2775 1016 2800 l

97 2861 190 2924 Plss’d.
206 2862 276 2922 Non
290 2861 400 2922 credidi
414 2860 530 2937 aedepol
545 2859 621 2920 adeb
634 2859 825 2918 inhumanum
838 2855 911 2915 fore.

93 2933 148 3000 lta.
161 2960 239 3000 nunc
254 2941 277 3000 is
290 2940 347 2999 sibi
362 2959 407 2998 me
421 2937 648 3016 supplicaturum
665 2938 770 3014 putatl
955 2969 958 2976 ·
1052 2935 1091 2990 50

94 3020 127 3080 Si
140 3031 195 3092 est,
209 3029 242 3079 ut
255 3020 325 3080 velit
338 3018 479 3083 reducere
493 3035 622 3086 uxorem,
636 3015 723 3084 licetr
801 3060 805 3076 .

93 3100 145 3160 Sin
159 3101 219 3158 'elio
231 3109 276 3162 est
290 3099 398 3168 animo,
412 3105 578 3156 renumeret
592 3097 692 3156 dotem
706 3096 785 3162 huus
806 3093 870 3153 eut!

94 3179 153 3239 Lu.
169 3181 248 3240 Ecce
261 3178 379 3238 euteml
402 3187 435 3238 tu
449 3195 569 3256 quoque
582 3175 717 3252 proterve
728 3172 885 3240 iracundus
899 3191 941 3234 es.

97 3258 195 3320 Phid.
210 3260 426 3318 Percontumax
440 3255 542 3317 redisti
558 3257 615 3314 hue
629 3254 727 3325 nobis,
739 3254 901 3331 Pamphile.

99 3337 155 3398 Lu.
171 3339 304 3398 Decedet
314 3339 377 3414 jans
389 3339 434 3396 ira
447 3337 523 3406 haec,
533 3335 587 3394 etsi
603 3333 707 3394 meritb
720 3335 810 3394 iratus
823 3343 879 3394 est.

53 3469 56 3476 .
96 3417 195 3479 Phid.
210 3419 288 3486 Quia
301 3417 463 3494 paullulum
478 3415 562 3476 vohis
576 3413 700 3474 accessit
713 3413 859 3493 pecunie,

96 3497 211 3556 Sublati
225 3497 313 3555 animi
328 3505 405 3556 sunt.
448 3496 505 3557 Lu.
520 3495 614 3554 Etiam
630 3511 744 3553 ruscum
759 3491 875 3571 tirtgsst

98 3575 195 3640 Petu
211 3575 374 3647 Deliberet,
388 3575 590 3652 renuntietque
604 3573 692 3635 hodie
706 3571 787 3645 mihi,
