<?xml version="1.0" encoding="UTF-8"?>
<!DOCTYPE html PUBLIC "-//W3C//DTD XHTML 1.0 Transitional//EN"
    "http://www.w3.org/TR/xhtml1/DTD/xhtml1-transitional.dtd">
<html xmlns="http://www.w3.org/1999/xhtml" xml:lang="en" lang="en">
 <head>
  <title>
</title>
<meta http-equiv="Content-Type" content="text/html;charset=utf-8" />
  <meta name='ocr-system' content='tesseract 3.04.00' />
  <meta name='ocr-capabilities' content='ocr_page ocr_carea ocr_par ocr_line ocrx_word'/>
</head>
<body>
  <div class='ocr_page' id='page_1' title='image "./publiiterentiia05teregoog/publiiterentiia05teregoog_0185.png"; bbox 0 0 2402 4036; ppageno 0'>
   <div class='ocr_carea' id='block_1_1' title="bbox 41 197 716 266">
    <p class='ocr_par' dir='ltr' id='par_1_1' title="bbox 41 197 716 266">
     <span class='ocr_line' id='line_1_1' title="bbox 41 197 716 266; baseline -0.015 -1"><span class='ocrx_word' id='word_1_1' title='bbox 41 237 44 245; x_wconf 85' lang='lat'>·</span> <span class='ocrx_word' id='word_1_2' title='bbox 127 201 183 266; x_wconf 75' lang='lat'>16⁸</span> <span class='ocrx_word' id='word_1_3' title='bbox 540 197 716 258; x_wconf 80' lang='lat' dir='ltr'>HECYRA.</span> 
     </span>
    </p>
   </div>
   <div class='ocr_carea' id='block_1_2' title="bbox 125 343 1197 1147">
    <p class='ocr_par' dir='ltr' id='par_1_2' title="bbox 125 343 1132 500">
     <span class='ocr_line' id='line_1_2' title="bbox 125 343 1132 430; baseline -0.008 -16"><span class='ocrx_word' id='word_1_4' title='bbox 125 353 168 414; x_wconf 87' lang='lat' dir='ltr'>Ut</span> <span class='ocrx_word' id='word_1_5' title='bbox 182 369 250 412; x_wconf 90' lang='lat' dir='ltr'>cum</span> <span class='ocrx_word' id='word_1_6' title='bbox 265 357 355 410; x_wconf 77' lang='lat' dir='ltr'>matre</span> <span class='ocrx_word' id='word_1_7' title='bbox 369 349 434 430; x_wconf 83' lang='lat' dir='ltr'>plur</span> <span class='ocrx_word' id='word_1_8' title='bbox 445 348 501 409; x_wconf 72' lang='lat' dir='ltr'>uui</span> <span class='ocrx_word' id='word_1_9' title='bbox 515 350 614 410; x_wconf 66' lang='lat' dir='ltr'>esset?</span> <span class='ocrx_word' id='word_1_10' title='bbox 646 349 705 408; x_wconf 84' lang='lat' dir='ltr'>Lu.</span> <span class='ocrx_word' id='word_1_11' title='bbox 727 345 807 416; x_wconf 89' lang='lat' dir='ltr'>Quid</span> <span class='ocrx_word' id='word_1_12' title='bbox 819 346 886 407; x_wconf 73' lang='lat' dir='ltr'>nisi</span> <span class='ocrx_word' id='word_1_13' title='bbox 907 343 1052 424; x_wconf 77' lang='lat' dir='ltr'>non&#39;signi</span> <span class='ocrx_word' id='word_1_14' title='bbox 1069 345 1132 408; x_wconf 86' lang='lat' dir='ltr'>hoc</span> 
     </span>
     <span class='ocr_line' id='line_1_3' title="bbox 246 439 413 500; baseline -0.042 -9"><span class='ocrx_word' id='word_1_15' title='bbox 246 439 355 500; x_wconf 72' lang='lat' dir='ltr'>retest,</span> <span class='ocrx_word' id='word_1_16' title='bbox 410 477 413 484; x_wconf 80' lang='grc'>,</span> 
     </span>
    </p>

    <p class='ocr_par' dir='ltr' id='par_1_3' title="bbox 126 507 1133 584">
     <span class='ocr_line' id='line_1_4' title="bbox 126 507 1133 584; baseline -0.004 -12"><span class='ocrx_word' id='word_1_17' title='bbox 126 511 214 582; x_wconf 73' lang='lat' dir='ltr'>Quod</span> <span class='ocrx_word' id='word_1_18' title='bbox 226 511 288 570; x_wconf 82' lang='lat' dir='ltr'>heri</span> <span class='ocrx_word' id='word_1_19' title='bbox 298 529 384 572; x_wconf 87' lang='lat' dir='ltr'>nemo</span> <span class='ocrx_word' id='word_1_20' title='bbox 396 509 486 568; x_wconf 86' lang='lat' dir='ltr'>voluit</span> <span class='ocrx_word' id='word_1_21' title='bbox 499 509 636 569; x_wconf 82' lang='lat' dir='ltr'>visentem</span> <span class='ocrx_word' id='word_1_22' title='bbox 646 508 683 584; x_wconf 79' lang='lat' dir='ltr'>ud</span> <span class='ocrx_word' id='word_1_23' title='bbox 694 526 759 568; x_wconf 83' lang='lat' dir='ltr'>enm</span> <span class='ocrx_word' id='word_1_24' title='bbox 771 514 799 566; x_wconf 89' lang='lat' dir='ltr'>te</span> <span class='ocrx_word' id='word_1_25' title='bbox 811 507 887 566; x_wconf 77' lang='lat' dir='ltr'>intro</span> <span class='ocrx_word' id='word_1_26' title='bbox 898 507 1074 567; x_wconf 65' lang='lat' dir='ltr'>admitterei</span> <span class='ocrx_word' id='word_1_27' title='bbox 1088 517 1133 568; x_wconf 75' lang='lat'>40</span> 
     </span>
    </p>

    <p class='ocr_par' dir='ltr' id='par_1_4' title="bbox 128 585 1135 730">
     <span class='ocr_line' id='line_1_5' title="bbox 128 585 1135 668; baseline -0.007 -16"><span class='ocrx_word' id='word_1_28' title='bbox 128 591 177 654; x_wconf 85' lang='lat' dir='ltr'>So.</span> <span class='ocrx_word' id='word_1_29' title='bbox 198 591 282 652; x_wconf 87' lang='lat' dir='ltr'>Enim</span> <span class='ocrx_word' id='word_1_30' title='bbox 296 590 398 649; x_wconf 78' lang='lat' dir='ltr'>lassam</span> <span class='ocrx_word' id='word_1_31' title='bbox 422 589 535 668; x_wconf 90' lang='lat' dir='ltr'>oppido</span> <span class='ocrx_word' id='word_1_32' title='bbox 556 600 618 648; x_wconf 84' lang='lat' dir='ltr'>turo</span> <span class='ocrx_word' id='word_1_33' title='bbox 642 609 705 648; x_wconf 83' lang='lat' dir='ltr'>esse</span> <span class='ocrx_word' id='word_1_34' title='bbox 728 587 865 647; x_wconf 81' lang='lat' dir='ltr'>aiebant:</span> <span class='ocrx_word' id='word_1_35' title='bbox 886 587 923 646; x_wconf 76' lang='lat' dir='ltr'>eo</span> <span class='ocrx_word' id='word_1_36' title='bbox 937 585 976 647; x_wconf 87' lang='lat' dir='ltr'>ad</span> <span class='ocrx_word' id='word_1_37' title='bbox 990 606 1054 646; x_wconf 83' lang='lat' dir='ltr'>eam</span> <span class='ocrx_word' id='word_1_38' title='bbox 1069 603 1135 646; x_wconf 89' lang='lat' dir='ltr'>non</span> 
     </span>
     <span class='ocr_line' id='line_1_6' title="bbox 246 670 463 730; baseline -0.009 0"><span class='ocrx_word' id='word_1_39' title='bbox 246 670 373 730; x_wconf 82' lang='lat' dir='ltr'>admissa</span> <span class='ocrx_word' id='word_1_40' title='bbox 387 690 463 729; x_wconf 87' lang='lat' dir='ltr'>sum.</span> 
     </span>
    </p>

    <p class='ocr_par' dir='ltr' id='par_1_5' title="bbox 127 743 1197 908">
     <span class='ocr_line' id='line_1_7' title="bbox 127 743 1133 827; baseline -0.008 -13"><span class='ocrx_word' id='word_1_41' title='bbox 127 753 185 814; x_wconf 80' lang='lat' dir='ltr'>La.</span> <span class='ocrx_word' id='word_1_42' title='bbox 204 749 288 812; x_wconf 81' lang='lat' dir='ltr'>Tuos</span> <span class='ocrx_word' id='word_1_43' title='bbox 310 770 374 810; x_wconf 82' lang='lat' dir='ltr'>esse</span> <span class='ocrx_word' id='word_1_44' title='bbox 394 769 448 827; x_wconf 87' lang='lat' dir='ltr'>ego</span> <span class='ocrx_word' id='word_1_45' title='bbox 462 749 504 808; x_wconf 84' lang='lat' dir='ltr'>iili</span> <span class='ocrx_word' id='word_1_46' title='bbox 524 768 618 809; x_wconf 82' lang='lat' dir='ltr'>mores</span> <span class='ocrx_word' id='word_1_47' title='bbox 641 748 776 808; x_wconf 83' lang='lat' dir='ltr'><strong>morbum</strong></span> <span class='ocrx_word' id='word_1_48' title='bbox 799 744 903 826; x_wconf 77' lang='lat' dir='ltr'>magis,</span> <span class='ocrx_word' id='word_1_49' title='bbox 927 743 1016 824; x_wconf 65' lang='lat' dir='ltr'>quim</span> <span class='ocrx_word' id='word_1_50' title='bbox 1036 745 1133 806; x_wconf 82' lang='lat' dir='ltr'>ullam</span> 
     </span>
     <span class='ocr_line' id='line_1_8' title="bbox 248 830 1197 908; baseline -0.007 -18"><span class='ocrx_word' id='word_1_51' title='bbox 248 830 333 890; x_wconf 82' lang='lat' dir='ltr'>ulium</span> <span class='ocrx_word' id='word_1_52' title='bbox 349 849 419 900; x_wconf 88' lang='lat' dir='ltr'>rem,</span> <span class='ocrx_word' id='word_1_53' title='bbox 433 830 577 898; x_wconf 65' lang='lat' dir='ltr'>arbitron</span> <span class='ocrx_word' id='word_1_54' title='bbox 1196 869 1197 908; x_wconf 43' lang='lat' dir='ltr'>p</span> 
     </span>
    </p>

    <p class='ocr_par' dir='ltr' id='par_1_6' title="bbox 128 905 1132 984">
     <span class='ocr_line' id='line_1_9' title="bbox 128 905 1132 984; baseline -0.005 -13"><span class='ocrx_word' id='word_1_55' title='bbox 128 913 168 972; x_wconf 78' lang='lat' dir='ltr'>ut</span> <span class='ocrx_word' id='word_1_56' title='bbox 181 910 282 970; x_wconf 69' lang='lat' dir='ltr'>merito</span> <span class='ocrx_word' id='word_1_57' title='bbox 296 907 392 978; x_wconf 66' lang='grc' dir='ltr'>α’ἃεὸς</span> <span class='ocrx_word' id='word_1_58' title='bbox 415 928 481 966; x_wconf 83' lang='lat' dir='ltr'>narn</span> <span class='ocrx_word' id='word_1_59' title='bbox 497 918 655 967; x_wconf 81' lang='lat' dir='ltr'>rostrorum</span> <span class='ocrx_word' id='word_1_60' title='bbox 670 908 750 966; x_wconf 86' lang='lat' dir='ltr'>nulia</span> <span class='ocrx_word' id='word_1_61' title='bbox 761 915 816 976; x_wconf 86' lang='lat' dir='ltr'>est,</span> <span class='ocrx_word' id='word_1_62' title='bbox 832 905 903 984; x_wconf 86' lang='lat' dir='ltr'>quin</span> <span class='ocrx_word' id='word_1_63' title='bbox 923 914 1042 980; x_wconf 80' lang='lat' dir='ltr'>gnatum</span> <span class='ocrx_word' id='word_1_64' title='bbox 1060 907 1132 966; x_wconf 78' lang='lat' dir='ltr'>velit</span> 
     </span>
    </p>

    <p class='ocr_par' dir='ltr' id='par_1_7' title="bbox 128 983 1197 1064">
     <span class='ocr_line' id='line_1_10' title="bbox 128 983 1197 1064; baseline -0.006 -14"><span class='ocrx_word' id='word_1_65' title='bbox 128 993 246 1050; x_wconf 80' lang='lat' dir='ltr'>Ducere</span> <span class='ocrx_word' id='word_1_66' title='bbox 261 1007 377 1048; x_wconf 84' lang='lat' dir='ltr'>uxorem</span> <span class='ocrx_word' id='word_1_67' title='bbox 390 1009 397 1057; x_wconf 79' lang='lat'>3</span> <span class='ocrx_word' id='word_1_68' title='bbox 421 997 460 1060; x_wconf 87' lang='lat' dir='ltr'>et,</span> <span class='ocrx_word' id='word_1_69' title='bbox 477 1007 545 1064; x_wconf 82' lang='lat' dir='ltr'>quae</span> <span class='ocrx_word' id='word_1_70' title='bbox 560 989 644 1046; x_wconf 85' lang='lat' dir='ltr'>vobis</span> <span class='ocrx_word' id='word_1_71' title='bbox 659 987 767 1064; x_wconf 78' lang='lat' dir='ltr'>placita</span> <span class='ocrx_word' id='word_1_72' title='bbox 780 996 826 1046; x_wconf 85' lang='lat' dir='ltr'>est</span> <span class='ocrx_word' id='word_1_73' title='bbox 840 987 978 1056; x_wconf 85' lang='lat' dir='ltr'>conditio,</span> <span class='ocrx_word' id='word_1_74' title='bbox 994 986 1096 1048; x_wconf 79' lang='lat' dir='ltr'>datur.</span> <span class='ocrx_word' id='word_1_75' title='bbox 1196 983 1197 1020; x_wconf 61' lang='lat' dir='ltr'>i</span> 
     </span>
    </p>

    <p class='ocr_par' dir='ltr' id='par_1_8' title="bbox 127 1065 1197 1147">
     <span class='ocr_line' id='line_1_11' title="bbox 127 1065 1102 1147; baseline -0.006 -17"><span class='ocrx_word' id='word_1_76' title='bbox 127 1069 189 1132; x_wconf 88' lang='lat' dir='ltr'>Ubi</span> <span class='ocrx_word' id='word_1_77' title='bbox 203 1069 312 1130; x_wconf 84' lang='lat' dir='ltr'>duxere</span> <span class='ocrx_word' id='word_1_78' title='bbox 324 1067 451 1147; x_wconf 84' lang='lat' dir='ltr'>impulsu</span> <span class='ocrx_word' id='word_1_79' title='bbox 465 1077 571 1141; x_wconf 83' lang='lat' dir='ltr'>vostro,</span> <span class='ocrx_word' id='word_1_80' title='bbox 586 1077 686 1128; x_wconf 85' lang='lat' dir='ltr'>vostro</span> <span class='ocrx_word' id='word_1_81' title='bbox 695 1067 821 1146; x_wconf 82' lang='lat' dir='ltr'>impulsu</span> <span class='ocrx_word' id='word_1_82' title='bbox 836 1067 953 1126; x_wconf 87' lang='lat' dir='ltr'>eosdem</span> <span class='ocrx_word' id='word_1_83' title='bbox 968 1065 1102 1144; x_wconf 78' lang='lat' dir='ltr'>exigunt.</span> 
     </span>
    </p>
   </div>
   <div class='ocr_carea' id='block_1_3' title="bbox 529 1320 724 1382">
    <p class='ocr_par' dir='ltr' id='par_1_9' title="bbox 529 1320 724 1382">
     <span class='ocr_line' id='line_1_12' title="bbox 529 1320 724 1382; baseline 0.005 -2"><span class='ocrx_word' id='word_1_84' title='bbox 529 1320 660 1382; x_wconf 76' lang='lat' dir='ltr'><strong>SCENA</strong></span> <span class='ocrx_word' id='word_1_85' title='bbox 682 1320 724 1381; x_wconf 88' lang='grc' dir='ltr'>ΙΙ.</span> 
     </span>
    </p>
   </div>
   <div class='ocr_carea' id='block_1_4' title="bbox 298 1475 961 1539">
    <p class='ocr_par' dir='ltr' id='par_1_10' title="bbox 298 1475 961 1539">
     <span class='ocr_line' id='line_1_13' title="bbox 298 1475 961 1539; baseline -0.009 -1"><span class='ocrx_word' id='word_1_86' title='bbox 298 1477 514 1539; x_wconf 70' lang='lat' dir='ltr'>Purnn’eos,</span> <span class='ocrx_word' id='word_1_87' title='bbox 556 1477 713 1534; x_wconf 78' lang='lat' dir='ltr'>anrrns.</span> <span class='ocrx_word' id='word_1_88' title='bbox 756 1475 961 1535; x_wconf 74' lang='lat' dir='ltr'>Sosrnunu.</span> 
     </span>
    </p>
   </div>
   <div class='ocr_carea' id='block_1_5' title="bbox 39 1627 1197 3606">
    <p class='ocr_par' dir='ltr' id='par_1_11' title="bbox 39 1627 1197 2025">
     <span class='ocr_line' id='line_1_14' title="bbox 39 1627 1135 1724; baseline -0.009 -28"><span class='ocrx_word' id='word_1_89' title='bbox 39 1713 44 1724; x_wconf 26' lang='grc' dir='ltr'>ἱ</span> <span class='ocrx_word' id='word_1_90' title='bbox 133 1631 416 1696; x_wconf 71' lang='lat' dir='ltr'>Pnid.Ers1sei0</span> <span class='ocrx_word' id='word_1_91' title='bbox 442 1651 509 1712; x_wconf 83' lang='lat' dir='ltr'>ego,</span> <span class='ocrx_word' id='word_1_92' title='bbox 535 1627 718 1700; x_wconf 85' lang='lat' dir='ltr'>Philumena,</span> <span class='ocrx_word' id='word_1_93' title='bbox 746 1649 843 1688; x_wconf 88' lang='lat' dir='ltr'>meum</span> <span class='ocrx_word' id='word_1_94' title='bbox 866 1629 917 1706; x_wconf 86' lang='lat' dir='ltr'>jus</span> <span class='ocrx_word' id='word_1_95' title='bbox 946 1647 1014 1698; x_wconf 84' lang='lat' dir='ltr'>esse,</span> <span class='ocrx_word' id='word_1_96' title='bbox 1040 1635 1074 1686; x_wconf 81' lang='lat' dir='ltr'>ut</span> <span class='ocrx_word' id='word_1_97' title='bbox 1103 1636 1135 1686; x_wconf 81' lang='lat' dir='ltr'>le</span> 
     </span>
     <span class='ocr_line' id='line_1_15' title="bbox 134 1730 1197 1881; baseline -0.005 -30"><span class='ocrx_word' id='word_1_98' title='bbox 134 1793 209 1860; x_wconf 76' lang='lat' dir='ltr'>Quae</span> <span class='ocrx_word' id='word_1_99' title='bbox 225 1730 451 1881; x_wconf 52' lang='lat' dir='ltr'>egeri&#39;giiunp&#39;erem,</span> <span class='ocrx_word' id='word_1_100' title='bbox 470 1787 585 1858; x_wconf 79' lang='lat' dir='ltr'>facere3</span> <span class='ocrx_word' id='word_1_101' title='bbox 608 1807 662 1866; x_wconf 85' lang='lat' dir='ltr'>ego</span> <span class='ocrx_word' id='word_1_102' title='bbox 678 1796 784 1860; x_wconf 82' lang='lat' dir='ltr'>tumen,</span> <span class='ocrx_word' id='word_1_103' title='bbox 801 1787 896 1868; x_wconf 85' lang='lat' dir='ltr'>patrio</span> <span class='ocrx_word' id='word_1_104' title='bbox 910 1785 1005 1848; x_wconf 81' lang='lat' dir='ltr'>animo</span> <span class='ocrx_word' id='word_1_105' title='bbox 1023 1785 1135 1858; x_wconf 77' lang='lat' dir='ltr'>victus,</span> <span class='ocrx_word' id='word_1_106' title='bbox 1196 1817 1197 1868; x_wconf 38' lang='lat' dir='ltr'>p</span> 
     </span>
     <span class='ocr_line' id='line_1_16' title="bbox 134 1868 957 2025; baseline -0.005 -15"><span class='ocrx_word' id='word_1_107' title='bbox 134 1951 177 2010; x_wconf 84' lang='lat' dir='ltr'>Ut</span> <span class='ocrx_word' id='word_1_108' title='bbox 190 1949 245 2010; x_wconf 89' lang='lat' dir='ltr'>tibi</span> <span class='ocrx_word' id='word_1_109' title='bbox 254 1868 437 2018; x_wconf 55' lang='lat' dir='ltr'>{anciiziiam</span> <span class='ocrx_word' id='word_1_110' title='bbox 459 1967 556 2025; x_wconf 87' lang='lat' dir='ltr'>neque</span> <span class='ocrx_word' id='word_1_111' title='bbox 570 1955 629 2008; x_wconf 88' lang='lat' dir='ltr'>tuae</span> <span class='ocrx_word' id='word_1_112' title='bbox 642 1947 757 2008; x_wconf 86' lang='lat' dir='ltr'>libidini</span> <span class='ocrx_word' id='word_1_113' title='bbox 770 1946 957 2006; x_wconf 84' lang='lat' dir='ltr'>advorsobor.</span> 
     </span>
    </p>

    <p class='ocr_par' dir='ltr' id='par_1_12' title="bbox 79 2027 1197 3606">
     <span class='ocr_line' id='line_1_17' title="bbox 133 2027 1140 2107; baseline -0.003 -17"><span class='ocrx_word' id='word_1_114' title='bbox 133 2029 316 2107; x_wconf 80' lang='lat' dir='ltr'>La..Atque</span> <span class='ocrx_word' id='word_1_115' title='bbox 338 2049 440 2088; x_wconf 88' lang='lat' dir='ltr'>eccum</span> <span class='ocrx_word' id='word_1_116' title='bbox 459 2030 639 2106; x_wconf 87' lang='lat' dir='ltr'>Phidippum</span> <span class='ocrx_word' id='word_1_117' title='bbox 662 2028 784 2106; x_wconf 75' lang='lat' dir='ltr'>optume</span> <span class='ocrx_word' id='word_1_118' title='bbox 810 2027 912 2086; x_wconf 83' lang='lat' dir='ltr'>video:</span> <span class='ocrx_word' id='word_1_119' title='bbox 939 2046 975 2086; x_wconf 85' lang='lat' dir='ltr'>ex</span> <span class='ocrx_word' id='word_1_120' title='bbox 998 2027 1056 2086; x_wconf 87' lang='lat' dir='ltr'>hoo</span> <span class='ocrx_word' id='word_1_121' title='bbox 1068 2027 1140 2106; x_wconf 80' lang='lat' dir='ltr'>jam</span> 
     </span>
     <span class='ocr_line' id='line_1_18' title="bbox 254 2109 511 2186; baseline 0 -18"><span class='ocrx_word' id='word_1_122' title='bbox 254 2110 347 2180; x_wconf 68' lang='lat' dir='ltr'>scibo,</span> <span class='ocrx_word' id='word_1_123' title='bbox 363 2110 433 2186; x_wconf 91' lang='lat' dir='ltr'>quid</span> <span class='ocrx_word' id='word_1_124' title='bbox 448 2109 511 2168; x_wconf 85' lang='lat' dir='ltr'>siet.</span> 
     </span>
     <span class='ocr_line' id='line_1_19' title="bbox 135 2185 1141 2270; baseline -0.002 -19"><span class='ocrx_word' id='word_1_125' title='bbox 135 2189 292 2270; x_wconf 88' lang='lat' dir='ltr'>Phidippe‚</span> <span class='ocrx_word' id='word_1_126' title='bbox 306 2189 360 2248; x_wconf 76' lang='lat' dir='ltr'>etsi</span> <span class='ocrx_word' id='word_1_127' title='bbox 373 2207 427 2266; x_wconf 86' lang='lat' dir='ltr'>ego</span> <span class='ocrx_word' id='word_1_128' title='bbox 443 2187 513 2246; x_wconf 85' lang='lat' dir='ltr'>meis</span> <span class='ocrx_word' id='word_1_129' title='bbox 526 2206 574 2247; x_wconf 92' lang='lat' dir='ltr'>me</span> <span class='ocrx_word' id='word_1_130' title='bbox 589 2186 725 2248; x_wconf 85' lang='lat' dir='ltr'>omnibus</span> <span class='ocrx_word' id='word_1_131' title='bbox 740 2185 803 2247; x_wconf 85' lang='lat' dir='ltr'>scio</span> <span class='ocrx_word' id='word_1_132' title='bbox 817 2205 881 2246; x_wconf 82' lang='lat' dir='ltr'>esse</span> <span class='ocrx_word' id='word_1_133' title='bbox 899 2185 1032 2264; x_wconf 82' lang='lat' dir='ltr'>adprime</span> <span class='ocrx_word' id='word_1_134' title='bbox 1046 2187 1141 2250; x_wconf 83' lang='lat' dir='ltr'>obse-</span> 
     </span>
     <span class='ocr_line' id='line_1_20' title="bbox 136 2277 1087 2426; baseline -0.003 -15"><span class='ocrx_word' id='word_1_135' title='bbox 136 2349 194 2411; x_wconf 88' lang='lat' dir='ltr'>Sed</span> <span class='ocrx_word' id='word_1_136' title='bbox 207 2277 412 2421; x_wconf 43' lang='lat' dir='ltr'>noppppetbeppt</span> <span class='ocrx_word' id='word_1_137' title='bbox 427 2368 492 2409; x_wconf 83' lang='lat' dir='ltr'>mea</span> <span class='ocrx_word' id='word_1_138' title='bbox 506 2348 631 2409; x_wconf 71' lang='lat' dir='ltr'>facilium</span> <span class='ocrx_word' id='word_1_139' title='bbox 646 2356 812 2426; x_wconf 81' lang='lat' dir='ltr'>corrumpat</span> <span class='ocrx_word' id='word_1_140' title='bbox 826 2347 939 2406; x_wconf 85' lang='lat' dir='ltr'>illorum</span> <span class='ocrx_word' id='word_1_141' title='bbox 953 2342 1087 2408; x_wconf 79' lang='lat' dir='ltr'>animos:</span> 
     </span>
     <span class='ocr_line' id='line_1_21' title="bbox 136 2429 1140 2523; baseline -0.003 -33"><span class='ocrx_word' id='word_1_142' title='bbox 136 2429 228 2500; x_wconf 80' lang='lat' dir='ltr'>Quod</span> <span class='ocrx_word' id='word_1_143' title='bbox 243 2439 275 2522; x_wconf 82' lang='lat' dir='ltr'>tp</span> <span class='ocrx_word' id='word_1_144' title='bbox 290 2431 313 2489; x_wconf 85' lang='lat' dir='ltr'>si</span> <span class='ocrx_word' id='word_1_145' title='bbox 326 2430 404 2489; x_wconf 88' lang='lat' dir='ltr'>idem</span> <span class='ocrx_word' id='word_1_146' title='bbox 418 2429 538 2523; x_wconf 70' lang='lat' dir='ltr'>feneres,</span> <span class='ocrx_word' id='word_1_147' title='bbox 553 2429 645 2509; x_wconf 85' lang='lat' dir='ltr'>magis</span> <span class='ocrx_word' id='word_1_148' title='bbox 659 2431 688 2488; x_wconf 91' lang='lat' dir='ltr'>in</span> <span class='ocrx_word' id='word_1_149' title='bbox 702 2446 763 2490; x_wconf 86' lang='lat' dir='ltr'>rem</span> <span class='ocrx_word' id='word_1_150' title='bbox 778 2437 808 2488; x_wconf 85' lang='lat' dir='ltr'>et</span> <span class='ocrx_word' id='word_1_151' title='bbox 820 2437 949 2486; x_wconf 84' lang='lat' dir='ltr'>nostram</span> <span class='ocrx_word' id='word_1_152' title='bbox 964 2435 995 2486; x_wconf 77' lang='lat' dir='ltr'>et</span> <span class='ocrx_word' id='word_1_153' title='bbox 1006 2435 1140 2487; x_wconf 77' lang='lat' dir='ltr'>vostrum</span> 
     </span>
     <span class='ocr_line' id='line_1_22' title="bbox 136 2510 1126 2664; baseline -0.005 -14"><span class='ocrx_word' id='word_1_154' title='bbox 136 2590 227 2650; x_wconf 82' lang='lat' dir='ltr'>Nunc</span> <span class='ocrx_word' id='word_1_155' title='bbox 240 2510 496 2650; x_wconf 57' lang='lat' dir='ltr'>riiieerisiiiilmrum</span> <span class='ocrx_word' id='word_1_156' title='bbox 511 2596 658 2664; x_wconf 79' lang='lat' dir='ltr'>potestate</span> <span class='ocrx_word' id='word_1_157' title='bbox 676 2609 738 2648; x_wconf 86' lang='lat' dir='ltr'>esse</span> <span class='ocrx_word' id='word_1_158' title='bbox 752 2597 792 2650; x_wconf 78' lang='lat' dir='ltr'>te.</span> <span class='ocrx_word' id='word_1_159' title='bbox 837 2587 932 2648; x_wconf 75' lang='lat' dir='ltr'>Phid.</span> <span class='ocrx_word' id='word_1_160' title='bbox 947 2586 1023 2646; x_wconf 80' lang='lat' dir='ltr'>Heia</span> <span class='ocrx_word' id='word_1_161' title='bbox 1036 2588 1126 2646; x_wconf 85' lang='lat' dir='ltr'>vero!</span> 
     </span>
     <span class='ocr_line' id='line_1_23' title="bbox 137 2667 1197 2737; baseline -0.006 -7"><span class='ocrx_word' id='word_1_162' title='bbox 137 2669 196 2730; x_wconf 74' lang='lat' dir='ltr'>La.</span> <span class='ocrx_word' id='word_1_163' title='bbox 217 2667 286 2727; x_wconf 85' lang='lat' dir='ltr'>Adii</span> <span class='ocrx_word' id='word_1_164' title='bbox 299 2677 328 2727; x_wconf 80' lang='lat' dir='ltr'>te</span> <span class='ocrx_word' id='word_1_165' title='bbox 342 2669 403 2728; x_wconf 80' lang='lat' dir='ltr'>heri</span> <span class='ocrx_word' id='word_1_166' title='bbox 417 2668 454 2725; x_wconf 92' lang='lat' dir='ltr'>de</span> <span class='ocrx_word' id='word_1_167' title='bbox 468 2667 547 2725; x_wconf 72' lang='lat' dir='ltr'>filiu:</span> <span class='ocrx_word' id='word_1_168' title='bbox 570 2677 604 2726; x_wconf 85' lang='lat' dir='ltr'>ut</span> <span class='ocrx_word' id='word_1_169' title='bbox 615 2667 691 2737; x_wconf 84' lang='lat' dir='ltr'>veni,</span> <span class='ocrx_word' id='word_1_170' title='bbox 704 2669 807 2728; x_wconf 78' lang='lat' dir='ltr'>itidem</span> <span class='ocrx_word' id='word_1_171' title='bbox 821 2669 966 2728; x_wconf 85' lang='lat' dir='ltr'>incertum</span> <span class='ocrx_word' id='word_1_172' title='bbox 980 2667 1092 2726; x_wconf 78' lang='lat' dir='ltr'>eruisti.</span> <span class='ocrx_word' id='word_1_173' title='bbox 1196 2687 1197 2696; x_wconf 55' lang='lat'>¹</span> 
     </span>
     <span class='ocr_line' id='line_1_24' title="bbox 138 2745 1141 2824; baseline -0.004 -14"><span class='ocrx_word' id='word_1_174' title='bbox 138 2746 227 2810; x_wconf 78' lang='lat' dir='ltr'>Haud</span> <span class='ocrx_word' id='word_1_175' title='bbox 240 2749 281 2811; x_wconf 83' lang='lat' dir='ltr'>ita</span> <span class='ocrx_word' id='word_1_176' title='bbox 295 2747 393 2818; x_wconf 82' lang='lat' dir='ltr'>decet,</span> <span class='ocrx_word' id='word_1_177' title='bbox 407 2747 428 2805; x_wconf 83' lang='lat' dir='ltr'>si</span> <span class='ocrx_word' id='word_1_178' title='bbox 438 2755 611 2824; x_wconf 79' lang='lat' dir='ltr'>perpetuam</span> <span class='ocrx_word' id='word_1_179' title='bbox 626 2745 668 2806; x_wconf 87' lang='lat' dir='ltr'>vis</span> <span class='ocrx_word' id='word_1_180' title='bbox 683 2747 941 2816; x_wconf 76' lang='lat' dir='ltr'>essendfinitnrem</span> <span class='ocrx_word' id='word_1_181' title='bbox 957 2749 1043 2819; x_wconf 82' lang='lat' dir='ltr'>hono,</span> <span class='ocrx_word' id='word_1_182' title='bbox 1107 2756 1141 2806; x_wconf 85' lang='lat'>10</span> 
     </span>
     <span class='ocr_line' id='line_1_25' title="bbox 139 2827 1197 2905; baseline -0.009 -13"><span class='ocrx_word' id='word_1_183' title='bbox 139 2829 242 2892; x_wconf 83' lang='lat' dir='ltr'>Celare</span> <span class='ocrx_word' id='word_1_184' title='bbox 255 2837 284 2888; x_wconf 87' lang='lat' dir='ltr'>te</span> <span class='ocrx_word' id='word_1_185' title='bbox 302 2829 369 2888; x_wconf 85' lang='lat' dir='ltr'>iras.</span> <span class='ocrx_word' id='word_1_186' title='bbox 411 2829 442 2887; x_wconf 90' lang='lat' dir='ltr'>Si</span> <span class='ocrx_word' id='word_1_187' title='bbox 458 2827 528 2904; x_wconf 91' lang='lat' dir='ltr'>quid</span> <span class='ocrx_word' id='word_1_188' title='bbox 544 2837 588 2886; x_wconf 88' lang='lat' dir='ltr'>est</span> <span class='ocrx_word' id='word_1_189' title='bbox 599 2837 757 2904; x_wconf 78' lang='lat' dir='ltr'>peecatum</span> <span class='ocrx_word' id='word_1_190' title='bbox 769 2847 787 2886; x_wconf 84' lang='lat' dir='ltr'>n</span> <span class='ocrx_word' id='word_1_191' title='bbox 801 2827 894 2898; x_wconf 83' lang='lat' dir='ltr'>uobis,</span> <span class='ocrx_word' id='word_1_192' title='bbox 910 2827 1023 2905; x_wconf 83' lang='lat' dir='ltr'>profer:</span> <span class='ocrx_word' id='word_1_193' title='bbox 1196 2839 1197 2842; x_wconf 74' lang='grc'>’</span> 
     </span>
     <span class='ocr_line' id='line_1_26' title="bbox 79 2907 981 2986; baseline -0.009 -12"><span class='ocrx_word' id='word_1_194' title='bbox 79 2973 86 2984; x_wconf 64' lang='grc'>,</span> <span class='ocrx_word' id='word_1_195' title='bbox 138 2915 201 2974; x_wconf 84' lang='lat' dir='ltr'>Aut</span> <span class='ocrx_word' id='word_1_196' title='bbox 213 2929 248 2970; x_wconf 85' lang='lat' dir='ltr'>en</span> <span class='ocrx_word' id='word_1_197' title='bbox 262 2908 431 2980; x_wconf 83' lang='lat' dir='ltr'>refellendo,</span> <span class='ocrx_word' id='word_1_198' title='bbox 443 2915 494 2966; x_wconf 80' lang='lat' dir='ltr'>aut</span> <span class='ocrx_word' id='word_1_199' title='bbox 508 2907 671 2986; x_wconf 84' lang='lat' dir='ltr'>purgando,</span> <span class='ocrx_word' id='word_1_200' title='bbox 686 2907 771 2966; x_wconf 88' lang='lat' dir='ltr'>vobis</span> <span class='ocrx_word' id='word_1_201' title='bbox 785 2908 981 2986; x_wconf 76' lang='lat' dir='ltr'>corrigemus„</span> 
     </span>
     <span class='ocr_line' id='line_1_27' title="bbox 137 2987 992 3066; baseline -0.009 -14"><span class='ocrx_word' id='word_1_202' title='bbox 137 2992 185 3052; x_wconf 85' lang='lat' dir='ltr'>Te</span> <span class='ocrx_word' id='word_1_203' title='bbox 194 2989 297 3066; x_wconf 88' lang='lat' dir='ltr'>judice</span> <span class='ocrx_word' id='word_1_204' title='bbox 311 2989 398 3066; x_wconf 87' lang='lat' dir='ltr'>ipso:</span> <span class='ocrx_word' id='word_1_205' title='bbox 419 2989 461 3047; x_wconf 82' lang='lat' dir='ltr'>sin</span> <span class='ocrx_word' id='word_1_206' title='bbox 476 2997 565 3046; x_wconf 78' lang='lat' dir='ltr'>uuest</span> <span class='ocrx_word' id='word_1_207' title='bbox 579 3007 667 3046; x_wconf 80' lang='lat' dir='ltr'>causo</span> <span class='ocrx_word' id='word_1_208' title='bbox 680 2989 824 3047; x_wconf 81' lang='lat' dir='ltr'>retinendi</span> <span class='ocrx_word' id='word_1_209' title='bbox 835 2987 915 3064; x_wconf 80' lang='lat' dir='ltr'>apud</span> <span class='ocrx_word' id='word_1_210' title='bbox 932 3005 992 3056; x_wconf 81' lang='lat' dir='ltr'>vos,</span> 
     </span>
     <span class='ocr_line' id='line_1_28' title="bbox 141 3063 1081 3147; baseline -0.004 -17"><span class='ocrx_word' id='word_1_211' title='bbox 141 3072 221 3138; x_wconf 80' lang='lat' dir='ltr'>Quin</span> <span class='ocrx_word' id='word_1_212' title='bbox 233 3087 311 3147; x_wconf 70' lang='lat' dir='ltr'>aegra</span> <span class='ocrx_word' id='word_1_213' title='bbox 320 3079 374 3139; x_wconf 81' lang='lat' dir='ltr'>eet,</span> <span class='ocrx_word' id='word_1_214' title='bbox 388 3077 417 3128; x_wconf 78' lang='lat' dir='ltr'>te</span> <span class='ocrx_word' id='word_1_215' title='bbox 431 3067 501 3127; x_wconf 89' lang='lat' dir='ltr'>mihi</span> <span class='ocrx_word' id='word_1_216' title='bbox 514 3067 649 3145; x_wconf 80' lang='lat' dir='ltr'>injurium</span> <span class='ocrx_word' id='word_1_217' title='bbox 663 3065 760 3128; x_wconf 82' lang='lat' dir='ltr'>facere</span> <span class='ocrx_word' id='word_1_218' title='bbox 775 3067 908 3138; x_wconf 78' lang='lat' dir='ltr'>arbitror,</span> <span class='ocrx_word' id='word_1_219' title='bbox 923 3063 1081 3144; x_wconf 72' lang='lat' dir='ltr'>Phidippo,</span> 
     </span>
     <span class='ocr_line' id='line_1_29' title="bbox 141 3147 923 3224; baseline -0.005 -14"><span class='ocrx_word' id='word_1_220' title='bbox 141 3151 174 3212; x_wconf 87' lang='lat' dir='ltr'>si</span> <span class='ocrx_word' id='word_1_221' title='bbox 188 3151 303 3220; x_wconf 71' lang='lat' dir='ltr'>metuis,</span> <span class='ocrx_word' id='word_1_222' title='bbox 318 3149 388 3208; x_wconf 81' lang='lat' dir='ltr'>sutis</span> <span class='ocrx_word' id='word_1_223' title='bbox 397 3157 430 3206; x_wconf 86' lang='lat' dir='ltr'>ut</span> <span class='ocrx_word' id='word_1_224' title='bbox 444 3166 516 3206; x_wconf 85' lang='lat' dir='ltr'>rneae</span> <span class='ocrx_word' id='word_1_225' title='bbox 531 3147 611 3206; x_wconf 90' lang='lat' dir='ltr'>domi</span> <span class='ocrx_word' id='word_1_226' title='bbox 625 3157 742 3207; x_wconf 76' lang='lat' dir='ltr'>curetur</span> <span class='ocrx_word' id='word_1_227' title='bbox 757 3147 923 3224; x_wconf 83' lang='lat' dir='ltr'>diligenter.</span> 
     </span>
     <span class='ocr_line' id='line_1_30' title="bbox 141 3224 1145 3304; baseline -0.005 -14"><span class='ocrx_word' id='word_1_228' title='bbox 141 3233 194 3300; x_wconf 80' lang='lat' dir='ltr'>At,</span> <span class='ocrx_word' id='word_1_229' title='bbox 206 3228 246 3288; x_wconf 80' lang='lat' dir='ltr'>ile</span> <span class='ocrx_word' id='word_1_230' title='bbox 262 3247 307 3287; x_wconf 87' lang='lat' dir='ltr'>me</span> <span class='ocrx_word' id='word_1_231' title='bbox 318 3228 358 3286; x_wconf 84' lang='lat' dir='ltr'>Di</span> <span class='ocrx_word' id='word_1_232' title='bbox 371 3237 468 3286; x_wconf 78' lang='lat' dir='ltr'>ornent</span> <span class='ocrx_word' id='word_1_233' title='bbox 480 3229 488 3286; x_wconf 89' lang='lat'>!</span> <span class='ocrx_word' id='word_1_234' title='bbox 511 3227 590 3286; x_wconf 83' lang='lat' dir='ltr'>haud</span> <span class='ocrx_word' id='word_1_235' title='bbox 602 3225 655 3286; x_wconf 83' lang='lat' dir='ltr'>ribi</span> <span class='ocrx_word' id='word_1_236' title='bbox 669 3228 725 3286; x_wconf 87' lang='lat' dir='ltr'>hoo</span> <span class='ocrx_word' id='word_1_237' title='bbox 734 3227 878 3298; x_wconf 88' lang='lat' dir='ltr'>concedo,</span> <span class='ocrx_word' id='word_1_238' title='bbox 889 3225 943 3285; x_wconf 81' lang='lat' dir='ltr'>etsi</span> <span class='ocrx_word' id='word_1_239' title='bbox 955 3224 996 3284; x_wconf 88' lang='lat' dir='ltr'>iili</span> <span class='ocrx_word' id='word_1_240' title='bbox 1007 3233 1145 3304; x_wconf 74' lang='lat' dir='ltr'>pareres,</span> 
     </span>
     <span class='ocr_line' id='line_1_31' title="bbox 141 3305 1145 3444; baseline -0.006 -74"><span class='ocrx_word' id='word_1_241' title='bbox 141 3310 185 3370; x_wconf 93' lang='lat' dir='ltr'>Ut</span> <span class='ocrx_word' id='word_1_242' title='bbox 205 3317 237 3368; x_wconf 80' lang='lat' dir='ltr'>lu</span> <span class='ocrx_word' id='word_1_243' title='bbox 259 3307 345 3444; x_wconf 61' lang='lat' dir='ltr'>mame</span> <span class='ocrx_word' id='word_1_244' title='bbox 356 3308 462 3366; x_wconf 79' lang='lat' dir='ltr'>salvam</span> <span class='ocrx_word' id='word_1_245' title='bbox 487 3307 577 3385; x_wconf 82' lang='lat' dir='ltr'>magis</span> <span class='ocrx_word' id='word_1_246' title='bbox 599 3306 681 3378; x_wconf 79' lang='lat' dir='ltr'>velis,</span> <span class='ocrx_word' id='word_1_247' title='bbox 702 3305 790 3385; x_wconf 68' lang='lat' dir='ltr'>quum</span> <span class='ocrx_word' id='word_1_248' title='bbox 814 3325 887 3386; x_wconf 81' lang='lat' dir='ltr'>ego:</span> <span class='ocrx_word' id='word_1_249' title='bbox 908 3306 939 3364; x_wconf 93' lang='lat' dir='ltr'>id</span> <span class='ocrx_word' id='word_1_250' title='bbox 962 3305 1039 3366; x_wconf 77' lang='lat' dir='ltr'>adeo</span> <span class='ocrx_word' id='word_1_251' title='bbox 1061 3308 1145 3383; x_wconf 75' lang='lat' dir='ltr'>gnati</span> 
     </span>
     <span class='ocr_line' id='line_1_32' title="bbox 141 3406 1146 3606; baseline -0.007 -74"><span class='ocrx_word' id='word_1_252' title='bbox 141 3471 238 3541; x_wconf 85' lang='lat' dir='ltr'>Quem</span> <span class='ocrx_word' id='word_1_253' title='bbox 252 3406 457 3606; x_wconf 48' lang='grc' dir='ltr'>εοὲζὶιῖῐείἰοιί</span> <span class='ocrx_word' id='word_1_254' title='bbox 478 3465 554 3528; x_wconf 82' lang='lat' dir='ltr'>illam</span> <span class='ocrx_word' id='word_1_255' title='bbox 569 3466 647 3528; x_wconf 81' lang='lat' dir='ltr'>huod</span> <span class='ocrx_word' id='word_1_256' title='bbox 664 3465 770 3563; x_wconf 77' lang='lat' dir='ltr'>minue,</span> <span class='ocrx_word' id='word_1_257' title='bbox 788 3465 876 3546; x_wconf 71' lang='lat' dir='ltr'>quum</span> <span class='ocrx_word' id='word_1_258' title='bbox 893 3485 924 3527; x_wconf 87' lang='lat' dir='ltr'>se</span> <span class='ocrx_word' id='word_1_259' title='bbox 939 3465 1047 3548; x_wconf 81' lang='lat' dir='ltr'>iprum,</span> <span class='ocrx_word' id='word_1_260' title='bbox 1062 3483 1146 3543; x_wconf 81' lang='lat' dir='ltr'>mog·</span> 
     </span>
     <span class='ocr_line' id='line_1_33' title="bbox 261 3563 1046 3606; baseline -0.004 -2"><span class='ocrx_word' id='word_1_261' title='bbox 261 3563 291 3604; x_wconf 89' lang='lat' dir='ltr'>m</span> <span class='ocrx_word' id='word_1_262' title='bbox 316 3563 392 3606; x_wconf 82' lang='lat' dir='ltr'>oure.</span> <span class='ocrx_word' id='word_1_263' title='bbox 1044 3577 1046 3582; x_wconf 95' lang='lat'>·</span> 
     </span>
    </p>
   </div>
   <div class='ocr_carea' id='block_1_6' title="bbox 0 0 1214 4036">
    <p class='ocr_par' dir='ltr' id='par_1_13' title="bbox 0 0 1214 4036">
     <span class='ocr_line' id='line_1_34' title="bbox 0 0 1214 4036; baseline 0 0"><span class='ocrx_word' id='word_1_264' title='bbox 0 0 1214 4036; x_wconf 95' lang='lat' dir='ltr'> </span> 
     </span>
    </p>
   </div>
  </div>
 </body>
</html>
