2404 4038
93 198 140 300 ”aa
333 235 853 304 nmmomruoauunuos.

103 390 202 450 Facite
216 389 390 470 requisitis:
411 390 479 450 date
489 389 642 450 crescendi
655 394 783 470 copiam,

101 470 252 529 Novarum
267 471 317 548 qui
328 469 481 546 spectandi
494 469 607 536 iaciunt
620 471 735 549 copiam

100 550 171 609 Sina
185 549 261 610 vitiis
272 570 281 621 ς
303 569 340 608 ne
354 549 403 608 ille
413 567 469 626 pro
482 567 513 610 se
526 549 638 609 dictum
651 550 818 624 existumet,

100 629 161 698 Qui
175 646 268 706 nuper
280 627 352 689 fecit
365 647 448 688 servo
461 628 586 689 currenti
599 629 629 688 iu
643 629 691 690 via

101 707 233 768 Decesse
247 709 409 784 populum:
431 725 485 770 cur
498 708 601 768 insano
612 709 743 768 serviatl

101 786 235 847 Deillius
248 788 380 864 peccatis
394 787 477 862 plura
491 785 582 860 dicet,
594 805 660 847 cum
675 783 760 848 dabit

100 866 181 925 Alias
195 885 297 938 novas,
309 866 367 925 nisi
379 865 466 925 finem
481 865 647 926 maledictis
660 865 743 925 facit.

99 944 212 1004 Adeste
227 965 314 1024 aequo
326 945 440 1013 animo;
462 943 531 1004 date
545 952 732 1022 potestatem,
747 943 818 1005 mihi

99 1023 258 1084 Statariam
270 1043 356 1102 agere
370 1033 402 1083 ut
415 1023 501 1082 liceat
514 1041 567 1101 per
581 1021 727 1084 silentium
738 1043 752 1094 ς

99 1103 148 1163 Ne
161 1123 274 1181 semper
288 1123 387 1164 servus
401 1121 535 1175 currens,
549 1103 640 1162 iratus
654 1121 755 1176 senex,

98 1181 182 1242 Edax
197 1184 349 1260 parasitus,
364 1182 546 1261 sycophanta
558 1190 655 1242 autem
671 1181 836 1262 impudens,

100 1264 215 1322 Avarus
229 1263 306 1334 leno,
321 1261 438 1322 assidue
451 1261 558 1399 aqendi
574 1261 635 1322 sint
646 1261 727 1336 mihi,

100 1341 237 1402 Clamore
251 1361 376 1412 summo,
392 1361 458 1400 cum
484 1341 573 1400 abore
587 1359 736 1402 maxumo.
1057 1351 1100 1404 40

99 1420 170 1480 mea
185 1421 275 1482 camd
289 1439 406 1482 oausam
421 1420 498 1481 haue
507 1421 619 1499 justam
633 1439 699 1480 esse
712 1421 840 1480 animum
855 1417 997 1491 inducite,

98 1499 141 1560 Ut
153 1501 253 1579 aliqua
266 1521 334 1580 pars
348 1499 457 1560 laboris
470 1500 619 1559 minuatur
631 1499 715 1558 mihi.

98 1579 177 1640 Nam
191 1601 270 1641 nuno
283 1599 374 1639 novas
389 1578 440 1656 qui
453 1578 597 1649 rodbunt,
612 1577 685 1636 nihil
699 1585 826 1657 pareunt
840 1577 902 1638 aeni
917 1598 926 1638 ι

99 1659 130 1716 Si
145 1679 205 1736 qua
219 1659 366 1720 laboriosa
379 1659 426 1725 ’st,
437 1655 477 1715 ad
491 1673 538 1715 me
551 1657 697 1726 ourritur3

99 1738 151 1796 Sin
165 1738 305 1807 lenirent,
320 1737 358 1795 ad
372 1735 460 1794 alium
475 1735 606 1796 defertur
616 1753 745 1814 gregem.

100 1817 135 1875 ln
150 1817 206 1875 lrao
220 1825 266 1876 est
278 1834 352 1894 pura
365 1815 470 1874 or'atio.
510 1815 705 1894 Experimini,

100 1897 135 1954 ln
149 1903 426 1974 utramquepartem
437 1893 588 1973 ingenium·
599 1893 670 1974 quid
686 1895 778 1976 possit
792 1911 902 1956 meum.

99 1975 131 2034 si
144 1993 294 2054 nunquam
307 1974 394 2036 avam
409 1976 534 2053 pretium
547 1976 638 2036 statui
652 1977 708 2037 arti
723 1993 809 2050 meaa,

99 2055 139 2113 Et
152 2073 221 2114 eum
234 2073 297 2116 essa
312 2064 457 2133 quaestum
471 2055 501 2114 iu
514 2055 642 2115 animum
655 2055 759 2116 induxi
773 2071 954 2128 maxumum,

98 2132 199 2204 Quam
212 2137 348 2196 maxume
362 2135 468 2196 servire
481 2134 583 2195 vestris
595 2135 780 2205 commodi:
1059 2140 1102 2198 50

98 2213 270 2296 Exemplum
284 2215 405 2278 statuite
417 2215 448 2274 in
462 2231 520 2286 me,
535 2221 569 2274 ut
581 2213 796 2277 adolescentuli

100 2294 192 2356 Vobis
204 2297 321 2376 placere
334 2297 472 2358 studeant
485 2293 599 2374 potius,
612 2294 702 2374 quim
716 2294 781 2357 sibi.

346 2557 355 2566 ·
394 2533 527 2595 Ac‘l'lls
555 2535 582 2594 1.
623 2531 757 2594 scENA
777 2533 803 2591 l.

360 2653 550 2752 canamus.
589 2690 834 2751 Mauunnuus.

99 2850 154 2910 Cla
169 2850 385 2920 Quanquam
400 2847 467 2909 hae
481 2848 556 2908 inter
569 2865 622 2908 nos
636 2865 732 2929 nuper
744 2847 849 2910 notitia
861 2846 1023 2910 admodum
1038 2850 1086 2923 ’aa

97 2928 173 2991 lude
187 2930 273 3001 adad,
295 2927 375 3009 qudd
388 2945 491 3008 agrum
504 2928 535 2988 in
547 2943 694 3007 proxumo
708 2929 759 2990 ulo
773 2935 918 2990 mercatus
932 2948 976 3002 ex,

98 3009 165 3069 Nec
179 3009 220 3070 rei
230 3009 290 3070 fere
304 3009 374 3070 sane
387 3007 512 3087 amplius
526 3007 688 3089 quidquam
702 3008 779 3078 suita

97 3089 213 3150 Tamen
226 3089 273 3149 vel
286 3090 376 3149 virtus
390 3097 441 3148 tua
452 3105 508 3160 me,
523 3087 571 3149 vel
584 3089 726 3160 vicinitas,

99 3169 189 3236 Quod
202 3188 258 3245 ego
272 3168 301 3228 in
315 3167 484 3246 propinqua
496 3176 580 3246 parte
595 3168 732 3229 amioitiae
745 3173 831 3246 puto,

97 3247 191 3322 Facit,
204 3257 237 3306 ut
250 3256 281 3307 te
294 3246 433 3306 audacter
445 3264 589 3318 moneam,
602 3257 633 3308 et
644 3246 845 3317 familiariterg

86 3325 189 3396 .de
205 3325 277 3386 milri
291 3325 388 3388 videre
403 3333 512 3406 prater
523 3335 641 3388 aetatem
653 3335 734 3386 tuam

97 3407 216 3479 Panare,
231 3414 262 3467 et
274 3403 483 3488 praeterquam
496 3425 543 3468 res
556 3413 586 3468 te
596 3405 769 3468 adhortatur
781 3414 843 3467 toas

96 3487 176 3548 Nam
190 3486 264 3564 proh
273 3485 371 3548 Dedm
384 3495 475 3565 atque
489 3487 639 3548 hominum
652 3484 761 3548 fidem!
784 3483 856 3568 quid
870 3484 912 3548 vix
927 3484 1003 3548 tibil

98 3566 179 3636 Quid
193 3565 323 3644 quaeris?
342 3583 433 3630 annos
445 3566 597 3645 sexaginta
609 3573 696 3627 natas
707 3585 750 3639 aa,
1059 3571 1098 3624 ιο
