2404 4038
401 263 529 342 aeros
556 283 596 344 11.
639 283 770 344 serua
798 281 824 343 1.
967 280 974 295 ’
1066 294 1122 354 ror

118 435 187 495 Jnrn
201 433 224 497 si
239 434 356 494 uerbum
374 453 460 496 utrum
473 438 681 516 posthoc-v-
697 439 757 498 Mt.
770 437 916 509 -nuaum,
932 438 1053 512 Danaen,

120 515 274 573 nascerer
315 516 374 576 De.
398 519 516 575 Annon
532 518 651 578 credist
679 519 809 596 repeton’
823 537 910 594 quem
925 517 1017 579 dedit

121 593 211 670 AEgre
223 596 277 655 'ott
300 596 411 656 alienus
422 617 479 658 non
495 617 574 658 snm:
598 599 621 656 si
637 599 742 658 obsto:
766 598 851 658 henrt
873 598 987 660 desino.

121 673 221 731 Unum
235 673 276 732 uis
287 695 383 734 curem
397 699 406 746 ς
428 697 517 745 curo;
539 691 568 736 et
582 687 628 736 est
643 677 697 736 nn
712 679 816 754 gratia,

121 754 222 820 Quum
237 755 288 823 ita.
305 767 335 814 ut
351 757 430 827 voto,
445 768 500 816 est.
523 759 599 821 *lete
615 767 692 825 tuus,
707 758 770 836 ipse
786 756 891 816 sentiet

122 833 292 894 Posterius:
315 836 384 894 noto
400 838 426 896 in
442 837 521 896 inum
538 837 653 914 gravius
667 837 777 897 dicere.
1007 887 1011 896 .
1084 837 1124 898 60

124 913 187 970 Mt.
209 913 272 972 Nec
284 915 366 984 nituit,
382 931 476 994 neque
489 918 587 976 omnia
602 918 664 978 haec
679 931 757 988 sunt,
772 937 840 996 qnae
855 915 948 984 dictu
972 925 1069 978 tumen

122 992 264 1051 Nonnihil
283 995 483 1056 protestarunt
498 998 562 1056 haec
579 997 668 1056 mitri:
691 998 742 1056 sed
757 997 921 1067 ostendere,

123 1069 175 1130 Me
187 1075 348 1149 aegrepati,
363 1076 401 1134 illi
415 1077 494 1139 rrotui
506 1097 514 1136 ι
525 1097 600 1154 ,narn
615 1077 657 1136 ita
672 1077 708 1136 'st
722 1078 809 1136 horno
823 1097 831 1144 ;

123 1153 222 1218 Quum
239 1154 335 1230 placo,
350 1156 490 1214 advorsor
500 1155 613 1225 sedulo,
626 1167 654 1214 et
669 1157 813 1216 deterreo.

122 1231 237 1298 Tamen
253 1234 299 1292 vix
314 1237 439 1295 humane
454 1238 583 1312 patitur:
607 1236 705 1295 verum
721 1238 745 1294 si
756 1257 888 1315 augeam,

124 1315 185 1370 Aut
200 1313 285 1371 etiam
299 1315 418 1388 adjutor
433 1321 487 1374 sim
503 1315 566 1389 ejus
581 1317 750 1386 iracundiae,

125 1393 272 1460 lunanum
286 1393 424 1470 profectu
438 1413 504 1454 curn
522 1395 588 1462 itlo;
610 1395 665 1454 etsi
678 1397 833 1456 AEsctrinns

122 1473 303 1535 Nonnullam
315 1476 343 1537 in
358 1475 413 1536 hac
429 1495 459 1534 re
472 1475 556 1533 nobis
571 1475 640 1534 tacit
656 1475 802 1549 injun'arn.
1067 1547 1075 1554 ,

123 1553 221 1617 Quam
238 1553 355 1613 hicnon
371 1557 481 1620 ornavit
495 1556 698 1615 meretricem?
719 1567 770 1614 aut
785 1554 833 1614 eui
848 1575 905 1614 non
921 1555 1006 1616 dedit

123 1633 268 1712 ntiquiut
290 1635 447 1710 postremo,
464 1653 556 1711 nuper
568 1636 681 1709 (credo,
692 1635 755 1710 jam
772 1635 901 1694 omniurn
1086 1647 1125 1706 70

123 1714 280 1783 Taedebat)
294 1715 366 1772 dixit
380 1716 451 1772 velte
468 1735 585 1773 uxorem
602 1718 722 1774 ducere.

125 1793 290 1870 Sperabam
301 1797 364 1867 ⁸jaun
380 1795 535 1854 defervisse
549 1796 793 1856 adolescentiam:

125 1873 313 1934 Gaudebarn.
356 1875 432 1932 Ecce
448 1887 544 1932 autern
556 1875 593 1933 de
608 1875 741 1952 integro!
764 1875 828 1946 nisi,
844 1875 988 1954 quidquid
1004 1885 1058 1947 est,
1129 1879 1132 1886 ⁴

126 1954 201 2012 Volo
217 1953 299 2025 scire,
315 1963 403 2032 atque
418 1955 561 2014 hominem
578 1956 744 2026 convenire,
761 1955 784 2014 si
799 1956 878 2032 apud
894 1956 987 2016 toturn
1002 1967 1054 2016 est.

418 2195 551 2256 ACTUS
576 2195 614 2252 lt.
657 2195 784 2256 scunt
807 2195 831 2251 1.

309 2381 463 2440 Sannro.
508 2379 713 2438 AEscrrrrrus.
754 2379 951 2436 Parmeno·

126 2507 412 2568 sanooasacnor
439 2507 607 2585 populares,
638 2505 710 2566 serte
735 2506 839 2566 misero
862 2515 952 2584 atquc
978 2503 1126 2564 innocenti

248 2587 405 2646 auxilium!
847 2621 852 2634 ·

126 2667 286 2734 Subvenite
299 2668 400 2744 inopi!
440 2667 504 2726 AEc.
526 2665 630 2726 Otiose
646 2686 724 2726 nuuc
734 2667 798 2744 jam
816 2667 895 2724 ildico
907 2665 955 2724 htc
970 2666 1117 2726 consiste.-

126 2749 206 2817 Quid
227 2748 393 2823 respectant
415 2747 484 2805 nihil
499 2747 597 2824 pericli
612 2759 674 2806 est:
695 2765 854 2824 nunquam,
869 2745 939 2805 dunt
955 2767 1011 2824 ego
1025 2746 1124 2816 edero,

189 2849 194 2862 ·
249 2827 297 2886 hic
314 2837 340 2884 te
356 2837 465 2904 tanget.
1188 2827 1191 2833 '

126 2908 199 2966 San.
221 2907 283 2983 Ego
298 2907 383 2966 istem
398 2905 494 2968 invitis
509 2905 654 2964 omnibus.

125 2988 190 3047 AEc.
213 2989 397 3064 Quamquam
409 2999 451 3044 est
466 2985 617 3054 scelestus,
634 3002 691 3041 non
704 2981 867 3042 committet
883 2981 970 3041 hodie
985 3001 1123 3061 unquam,

172 3067 178 3078 '
247 3067 349 3126 iterum
366 3076 397 3124 nt
412 3064 540 3140 vapulet.

127 3139 1121 3219 Snn.AEschine‚audi:neteignarumsuissedicasmeorummorum

126 3228 208 3292 Leno
222 3245 277 3303 ego
291 3246 365 3284 sum.
407 3226 471 3286 AEe.
488 3225 566 3283 Scio.
609 3221 681 3282 Son.
697 3224 736 3282 At
750 3223 800 3291 ita,
816 3231 846 3280 ut
861 3241 985 3300 usquam
998 3221 1053 3282 fnit
1065 3222 1122 3282 fide

246 3309 398 3382 quisquam
412 3304 546 3381 optume.
1053 3380 1055 3385 1

123 3387 172 3444 Tu
188 3387 267 3463 quod
284 3395 313 3444 te
328 3384 472 3464 posterius
486 3401 603 3461 purges,¹
613 3382 689 3440 hanc
702 3380 834 3458 iujuriam
851 3381 919 3440 mihi
932 3381 1023 3442 nolle.

124 3467 243 3524 Factam
257 3485 331 3538 esse,
347 3464 434 3540 hujus
450 3483 508 3522 non
524 3463 648 3522 faciant:
671 3463 759 3520 crede
786 3462 860 3532 troc;
881 3480 936 3540 ego
959 3481 1054 3530 meum
1071 3461 1123 3538 jus

268 3565 329 3604 erse
355 3565 424 3612 uar;
722 3603 727 3610 ,

125 3627 233 3704 Neque
245 3563 276 3684 du
288 3566 382 3684 vadus
391 3625 485 3682 solves
498 3641 637 3698 unquam,
652 3621 732 3698 qnod
743 3619 850 3680 mihine
861 3620 935 3680 male
946 3617 1057 3680 feceris.
1087 3631 1124 3682 10
1192 3679 1193 3683 ,
