2402 4036
102 222 161 286 roa
524 219 703 284 uacuas.
876 295 882 303 „
1183 182 1186 308 l

52 412 59 420 ·
99 378 177 446 Quae
192 376 233 436 illi
247 377 406 454 placerent.
449 375 526 436 Pur.
549 373 637 436 Haud
654 377 771 455 opinor,
786 377 941 440 commode
1064 385 1101 437 so

99 459 199 517 Finem
213 458 348 515 statuisse
362 456 486 515 orationi
500 457 630 516 militem.
1185 473 1186 508 l

99 537 186 596 Pau.
208 538 265 596 sen
282 537 353 614 qna
369 540 424 595 noc
440 538 540 614 aegon
554 548 608 607 ess,
625 536 712 597 mona
728 555 795 616 que
809 537 1021 598 assultans
1185 511 1186 584 l

98 617 158 676 Hic
173 617 253 676 inrue
268 618 416 676 Baccbisl
439 618 517 694 qnod
532 636 589 696 ego
602 637 759 697 numquam
773 617 888 678 credidi

97 697 181 768 Fore,
196 708 228 756 ut
244 699 299 756 bac
312 698 362 757 ille
377 697 443 756 tiva
462 710 562 774 posset
575 699 702 757 animuin
718 699 859 757 inducere

96 777 224 836 Uxorem
245 779 363 837 habere.
407 779 484 838 Pur.
507 779 626 838 Habere
640 779 767 838 ‘auteml
809 771 896 838 Phil.
918 777 982 840 Blro
1001 784 1046 851 lu,
1062 797 1099 837 an

215 875 273 916 non
290 857 402 916 babetl
693 899 699 908 ·

94 937 173 996 Pur.
197 938 311 996 Habet:
334 936 385 994 sed
402 937 492 995 firmae
509 937 555 996 bac
570 951 672 997 vereor
686 945 718 998 ut
732 937 791 998 sint
804 935 925 1014 nuptiae.

95 1016 182 1075 Plril.
205 1018 247 1074 lta
261 1017 300 1075 Dl
317 1018 446 1094 Deaeque
461 1017 563 1090 faxint,
579 1019 604 1076 ei
618 1019 647 1076 in
663 1037 722 1077 rem
737 1028 782 1079 est
796 1015 962 1078 Bacchidis.

96 1095 154 1154 Sed
168 1095 219 1172 qul
235 1097 311 1155 istuc
327 1097 443 1155 credam
459 1097 499 1154 ita
513 1100 599 1157 essel
619 1099 669 1157 dic
683 1099 765 1169 mibi,
780 1099 934 1158 Parmeno.

95 1176 172 1234 Pur.
194 1177 261 1234 Non
277 1186 324 1236 est
336 1197 409 1254 opus
423 1179 553 1251 prolator
575 1179 631 1237 boc
645 1180 846 1256 percontarier

96 1255 224 1314 Desiste.
267 1257 352 1316 Plu.
374 1258 492 1336 Nempe
506 1257 540 1316 ed
556 1260 656 1327 cenet,
670 1269 702 1318 ut
717 1279 754 1319 ne
769 1259 799 1318 id
815 1258 867 1318 liat
881 1256 990 1337 palam.
1059 1267 1098 1319 30
1186 1307 1187 1312 1

92 1335 138 1394 lta
151 1355 198 1394 me
213 1337 252 1394 Dl
266 1338 418 1410 amabunt,
435 1339 511 1396 band
526 1349 683 1416 propterea
696 1349 724 1398 te
739 1359 820 1416 rogo,
1186 1377 1187 1386 κ

93 1415 135 1474 Ut
150 1415 208 1474 boc
222 1418 380 1494 proferam,
395 1420 446 1476 sed
463 1429 495 1477 nt
509 1419 599 1476 tacita
613 1439 726 1478 mecnrn
740 1420 893 1496 gaudeam.

95 1495 173 1554 Por.
194 1497 363 1575 Numquam
379 1497 459 1556 dices
473 1507 533 1557 tam
546 1500 712 1572 commode,
730 1509 761 1557 ut
773 1510 885 1575 tergum
901 1517 998 1557 meum

94 1575 190 1634 Tuam
204 1578 231 1633 in
247 1577 333 1636 iidem
352 1579 544 1636 committam.
587 1579 674 1636 Pru.
697 1579 764 1638 Ah!
786 1581 856 1651 noli,
871 1579 1032 1648 Parmen03

94 1654 186 1722 Quasi
199 1665 232 1713 tu
247 1676 303 1713 non
318 1657 408 1714 multo
424 1657 507 1714 malis
522 1675 638 1716 narrare
654 1658 710 1715 boo
728 1658 808 1732 mihi,

95 1735 190 1802 Quam
206 1755 272 1811 ego,
287 1755 353 1811 qnae
370 1744 538 1810 percontor,
554 1736 639 1795 scire.
670 1737 749 1796 Pur.
764 1738 842 1798 Vera
856 1739 919 1797 baec
934 1737 1093 1814 praedicat;

93 1814 132 1872 Et
146 1814 216 1870 illud
231 1815 301 1871 mibi
316 1814 417 1871 vitium
430 1818 468 1873 'st
482 1815 651 1875 maainrum.
693 1817 724 1876 si
739 1817 808 1877 mibi
824 1817 913 1877 fidem

93 1894 167 1960 Das,
183 1902 212 1951 te
227 1893 389 1962 tacituram,
404 1894 513 1956 dicam.
571 1896 658 1955 Plu'l.
679 1898 725 1956 nd
740 1898 885 1971 inperium
902 1897 990 1956 redis.

90 1971 194 2032 Fidem
208 1972 267 2032 do:
290 1975 420 2051 loquere.
465 1976 543 2034 Por.
565 1977 720 2036 Ausculta.
763 1978 850 2038 Plril.
870 1975 939 2037 Istic
954 1995 1031 2036 sum.

402 2055 479 2135 Pur.
501 2057 588 2113 Hanc
602 2052 782 2115 Bacchidem

91 2134 230 2206 Amabat,
244 2141 276 2191 ut
291 2153 356 2192 cum
373 2135 520 2202 maxume,
537 2147 599 2193 tum
614 2137 797 2213 Pamphilus,
824 2210 826 2215 Ι
1052 2147 1092 2199 40

92 2214 191 2281 Quum
206 2223 297 2290 pater,
313 2233 432 2272 uxerem
447 2224 482 2274 nt
494 2217 594 2285 (limat,
607 2229 690 2274 clare
704 2217 833 2293 occipit:

87 2293 126 2352 Et
141 2295 217 2365 lraec,
230 2293 396 2352 communia
410 2295 541 2354 omniunt
557 2315 624 2373 quae
639 2305 846 2374 suntpatrum,

88 2375 161 2433 Sese
176 2393 271 2432 senem
287 2394 360 2444 esse,
381 2375 496 2446 dicere3
518 2377 599 2434 illum
614 2386 711 2436 antem
727 2377 857 2450 unicam,

88 2454 262 2513 Praesidium
276 2454 349 2512 velle
363 2474 393 2512 se
406 2459 552 2515 senectuti
566 2475 638 2517 suae.

89 2535 142 2592 llle
156 2533 254 2610 primo
270 2553 300 2590 se
314 2551 440 2608 negare:
463 2537 526 2606 sed,
541 2545 697 2612 postquam
712 2536 808 2596 acrlds

90 2615 178 2672 Pater
191 2613 286 2679 instat,
304 2611 375 2670 fecit
388 2613 476 2672 animi
489 2625 523 2672 ut
537 2610 668 2673 incertus
680 2614 766 2686 foret,

88 2691 227 2752 Pudorin’
241 2711 315 2750 anne
330 2693 422 2751 amori
435 2695 648 2772 obsequeretur
663 2695 765 2774 magis.

87 2771 267 2843 Tundendo,
283 2780 372 2849 atque
386 2772 465 2844 odio,
482 2773 608 2850 denique
623 2773 720 2834 effecit
736 2793 845 2835 serres:

88 2853 257 2932 Despondit
271 2853 296 2911 ei
312 2861 429 2930 gualam
446 2853 534 2929 bnjrls
549 2853 637 2914 vicini
652 2855 798 2933 proxumi.
1025 2893 1027 2898 ·

87 2934 191 3012 Usque
205 2933 274 2992 illud
291 2933 385 2992 visunt
397 2944 443 2994 est
459 2935 611 3013 Pamphilo
626 2935 795 3013 neutiquam
811 2947 907 3011 grase,
1049 2945 1091 3001 50

86 3012 193 3073 Donec
203 3013 267 3089 jam
283 3012 311 3070 in
327 3014 396 3090 ipsis
411 3015 757 3105 ruptilem—postquam
773 3013 852 3075 ridel

86 3093 219 3163 Paratus,
234 3112 286 3151 nec
302 3108 411 3152 moram
428 3095 526 3166 ullam,
542 3095 809 3172 quindecennas,
936 3122 940 3126 ·

87 3173 135 3232 lbi
150 3173 266 3232 demum
282 3175 321 3231 ita
336 3193 410 3250 aegre
425 3175 504 3248 tulit,
520 3183 551 3234 ut
564 3176 658 3253 ipsam
675 3176 864 3251 Bacchidem,

85 3253 117 3314 Si
131 3252 256 3324 adesset,
272 3251 372 3325 credo,
394 3253 435 3330 toi
446 3253 513 3330 ejus
526 3255 802 3315 commiseresceret'.

85 3333 275 3410 Ubicumque
288 3331 390 3391 datum
405 3335 608 3412 eratspatium
623 3335 800 3406 solitudinis,

84 3415 127 3474 Ut
140 3411 270 3490 colloqui
285 3427 396 3472 mecum
414 3413 470 3473 aad
482 3423 600 3494 possen
622 3417 775 3486 Parmeno,

83 3493 178 3554 Periil
200 3491 271 3570 quid
285 3511 340 3569 ego
354 3494 425 3570 egil
445 3495 474 3553 iu
489 3495 570 3574 qnod
584 3513 632 3554 nre
642 3495 759 3572 conjeci
772 3495 905 3558 Baiani

83 3573 153 3634 Non
167 3581 274 3652 potero
285 3572 342 3634 boc
356 3571 441 3649 ferre,
455 3573 620 3636 Parmeno-r
641 3576 715 3656 peril
728 3573 832 3638 miseri
