2404 4038
363 241 497 303 ACTUS
526 239 565 300 ΙΙ.
601 241 731 302 8οΕΝΑ
760 241 796 300 V.
941 239 944 243 ’
1041 251 1077 306 15

473 480 603 542 SCENA
627 481 678 540 lv.

303 641 406 700 Suuo.
442 639 576 700 Davus.
616 643 844 702 Peueumus.

55 845 62 864 -,
70 799 124 860 Si.
138 798 272 857 Ravlso
290 797 361 876 quid
376 799 474 877 agaen
490 807 540 858 out
556 797 626 876 quid
639 807 762 876 captent
776 797 897 859 corrsiiii.

12 909 13 912 ¹
67 880 218 939 Do.'Hio
231 897 309 937 uuna
324 898 381 937 nou
397 879 523 948 dubitat,
538 879 607 957 quiu
624 890 651 938 te
666 879 822 939 ducturum
838 897 937 959 neges.

16 977 30 998 -·
69 960 167 1033 Venit
182 957 340 1018 meditatur
355 959 502 1031 alicunde,
517 979 554 1018 ex
569 959 631 1017 eolo
648 959 725 1018 ioco.

26 1047 29 1051 '
69 1037 250 1098 Orationem
265 1047 364 1116 eperat
379 1038 520 1098 invenisse
533 1057 574 1108 se,

69 1118 139 1187 Qui
151 1118 265 1178 differat
279 1131 327 1178 ae:
352 1117 448 1196 proiu'
464 1129 494 1176 tu
511 1117 570 1188 sac,
585 1117 665 1195 apud
681 1129 710 1178 re
726 1125 757 1177 ui
771 1119 837 1178 eier.

70 1200 139 1261 Pa.
155 1197 251 1337 Moldo
267 1199 429 1336 uthp'ossim
445 1198 539 1258 Dave.
583 1199 646 1258 Do.
661 1198 770 1271 Crede,
786 1202 913 1278 iuquam,
925 1198 981 1258 hoo
995 1197 1079 1270 milri,

226 1297 271 1336 am
319 1297 368 1351 re,

69 1357 238 1435 Nunquam
253 1299 342 1417 hddie
355 1367 452 1416 tecum
468 1365 714 1416 commutaturum
728 1367 843 1436 patrem

70 1437 257 1500 Unumease
267 1438 401 1510 verbum,
416 1437 437 1496 ri
455 1447 484 1498 te
498 1436 583 1496 dices
600 1436 718 1498 ducere.

479 1667 613 1728 SCENA
638 1667 676 1728 V.

182 1827 386 1888 drauum.
422 1827 525 1888 srruo.
560 1827 695 1886 Davus.
730 1826 958 1893 Pumeuraus.

76 1985 147 2064 By.
163 1984 287 2044 Herus
304 1984 481 2056 neutericus
496 1983 593 2056 rebus,
602 1983 695 2058 jussit
710 1981 899 2062 Pamphilum

77 2065 181 2125 Hodie
195 2067 360 2135 observare,
376 2077 418 2140 ur,
434 2064 506 2143 quid
516 2074 615 2148 ageret
629 2065 666 2122 de
680 2065 801 2142 nuptiis,
828 2095 833 2106 ·

77 2145 215 2206 Scirem:
237 2145 265 2203 id
282 2155 438 2224 propterea
453 2164 529 2204 nune
547 2145 623 2204 huuc
637 2145 799 2204 venientem
815 2164 934 2224 sequor.

77 2224 183 2299 Ipsum
198 2225 273 2284 adeo
288 2225 396 2304 praesto
412 2226 497 2284 video
510 2245 578 2284 curn
593 2225 700 2286 Davo:
724 2225 781 2284 hoo
791 2244 889 2303 agam.

82 2305 127 2364 Si.
143 2307 308 2382 Utrumque
321 2306 422 2366 adesse
435 2306 529 2364 video.
552 2305 615 2366 Do.
631 2305 718 2375 Hem,
735 2323 829 2364 serva.
850 2305 895 2366 Si.
910 2305 1073 2383 Pamphile.

82 2385 147 2444 Do.
163 2387 255 2453 Quasi
269 2387 305 2444 de
318 2385 480 2462 improviso
494 2384 607 2460 respice
622 2385 659 2442 ad
675 2405 752 2442 eum.
773 2385 833 2444 Po.
848 2385 953 2456 Ehem,
968 2396 1063 2462 pater.

81 2465 147 2524 Da.
164 2465 269 2524 Probe.
292 2467 335 2526 Si.
350 2465 446 2524 Hodie
462 2482 581 2522 uxorem
596 2462 695 2532 ducas,
709 2474 742 2522 ut
756 2461 827 2534 dixi,
842 2464 922 2525 volo.

80 2543 145 2621 By.
162 2545 249 2604 Naue
266 2558 373 2605 uosrrae
387 2545 477 2604 timeo
490 2543 576 2622 parri,
596 2543 667 2618 quid
683 2544 729 2602 hio
744 2543 931 2621 respondeat.

86 2625 144 2683 Pa.
158 2625 264 2702 Neque
277 2626 354 2699 istiu,
375 2645 470 2703 ueque
484 2623 564 2696 aiibi,
584 2624 638 2682 tibi
656 2643 777 2702 usquam
792 2624 848 2684 erit
869 2627 898 2682 iu
920 2643 966 2684 me
988 2643 1081 2686 mora.

203 2705 370 2765 B.1·lem.
462 2751 463 2754 η

81 2785 146 2844 Do.
161 2725 329 2844 Obmirtuir.
352 2786 414 2863 By.
430 2783 511 2854 Quid
525 2783 620 2844 dixirr
644 2783 686 2844 Si.
702 2783 785 2844 Facis
801 2793 832 2842 ut
847 2793 875 2843 te
890 2781 986 2854 decet,
1045 2794 1081 2846 10

81 2865 182 2932 Quum
196 2865 282 2935 istuc,
297 2867 376 2944 quod
394 2865 520 2940 postulo,
534 2865 658 2942 impetro
673 2884 739 2922 curu
754 2863 859 2941 gralid.

80 2945 146 3004 Da.
161 2948 231 3004 Sum
247 2947 355 3006 verosa
377 2946 439 3021 By.
456 2945 563 3014 Herus,
578 2943 719 3021 quantdm
735 2944 834 3013 audio,
856 2962 946 3002 uxore
959 2943 1079 3004 excidit.

82 3024 127 3084 Si.
142 3027 155 3083 l
170 3044 248 3084 nuno
259 3025 323 3097 jam
338 3024 426 3096 iutro,
443 3045 477 3082 ue
492 3025 521 3084 iu
535 3025 625 3092 mord.
641 3043 708 3082 oum
724 3039 798 3100 opus
814 3024 860 3094 sit,
876 3024 940 3082 sies.

83 3105 143 3164 Po.
160 3105 212 3162 Eo.
234 3103 295 3181 By.
310 3105 439 3164 Nullane
453 3105 483 3162 in
497 3123 527 3162 re
538 3124 601 3161 esee
617 3102 724 3160 homini
740 3104 876 3179 cuiquam
890 3102 1000 3164 fidem!

83 3185 191 3242 Verum
207 3184 278 3242 iliud
296 3186 415 3244 verbum
430 3195 485 3255 eet,
500 3183 587 3262 vuigd
602 3182 680 3260 quod
697 3183 756 3240 dici
772 3184 859 3256 eolat,

83 3261 193 3323 Omnes
206 3263 262 3322 sibi
279 3265 363 3322 malle
378 3265 478 3323 meiius
493 3283 568 3333 esse,
584 3283 671 3340 quam
685 3261 779 3324 alteri.

84 3343 148 3420 Ego
157 3343 233 3402 iilam
248 3344 305 3402 vidi
321 3345 470 3424 virginem,
488 3343 595 3402 forma!
617 3343 692 3402 bouii

86 3422 208 3482 Memini
223 3425 342 3494 videre3
366 3425 425 3501 qud
442 3425 553 3502 aequior
567 3443 630 3482 sum
642 3423 806 3499 Pamphilo,

86 3503 117 3562 Si
130 3522 160 3562 ae
174 3503 250 3561 iilam
266 3505 425 3575 insomnis,
441 3523 526 3582 quam
541 3504 781 3580 iiium‚ampiecli
796 3503 907 3563 maluit.

85 3583 284 3656 Renuntiabo,
299 3595 331 3644 ut
345 3605 397 3663 pro
410 3587 466 3644 hoc
482 3585 558 3644 malo
573 3585 645 3643 mihi
657 3583 707 3642 det
722 3583 839 3642 malum.
1042 3593 1081 3646 20
