2404 4038
115 217 155 270 28
529 207 699 273 Annuit.

117 366 180 424 Du.
196 363 323 441 Propera
335 363 409 422 adeo
422 383 544 442 puerum
559 365 658 425 tollere
673 365 740 424 hinc
755 366 794 425 ab
805 361 906 442 janui.
1071 381 1115 432 20

116 445 227 520 Mane:
249 464 321 503 cave
335 463 483 521 quoquam
498 465 534 504 ex
547 446 642 505 isthoc
657 447 782 508 excessis
795 448 872 506 loco.
938 477 944 485 ·

116 524 187 600 My.
201 523 242 584 Dl
257 533 286 582 te
300 524 463 584 eradicent!
486 523 525 583 ita
539 545 586 584 me
600 527 733 584 miseram
748 527 871 585 territae.

117 601 181 666 Du.
195 602 262 662 Tibi
282 623 341 728 ego?
351 603 429 672 dico,
444 623 482 664 au
496 623 554 664 nou
568 607 582 664 l
618 605 687 686 My.
703 607 782 675 Quid
798 607 861 666 visl
881 608 945 667 Du.
961 608 1113 672 Aureliam

131 695 140 724 ³
235 701 340 758 rogas.
617 697 619 702 “

115 761 209 832 Cedo,
224 761 324 838 cujum
339 783 459 842 puerum
475 763 523 824 lrlc
537 764 721 841 adposuistil
748 764 797 824 dic
811 766 892 825 mihi.
1018 825 1021 830 ,
1190 815 1191 838 .

116 841 186 917 My.
200 841 246 900 Tu
261 843 377 903 nesciui
405 845 469 903 Du.
486 843 573 903 Mitte
586 845 628 913 id,
643 845 724 920 quod
740 846 819 906 reio:
836 846 885 904 dlc
898 847 977 925 qnod
993 867 1078 926 rogo.

116 921 187 997 My.
211 919 317 981 Vestri.
369 923 434 984 Du.
463 921 559 999 Cujus
578 923 699 1000 ¹vestril
744 925 813 1001 My.
844 927 1000 1004 Pamphili.
1044 929 1112 987 Do.

237 1001 333 1060 Heml
353 1002 448 1080 quidl
468 1002 636 1080 Pamphilil

118 1079 189 1160 My.
204 1079 278 1152 Eho,
301 1101 338 1141 an
358 1099 420 1141 non
442 1083 512 1142 ertl
550 1081 602 1142 Cla.
625 1083 718 1143 Recte
743 1103 798 1160 ego
825 1101 942 1162 semper
970 1085 1030 1163 lugi
1060 1087 1114 1146 has

112 1205 115 1212 .
234 1179 274 1218 nu
298 1163 362 1221 tiae.
1190 1183 1191 1186 ’

115 1241 179 1300 Du.
195 1241 224 1299 Ο
239 1179 354 1300 facinus
365 1242 674 1302 animadvertendum!
697 1244 766 1322 My.
782 1243 864 1314 Quid
879 1245 1010 1304 clamitas
1020 1245 1046 1302 i·

115 1320 179 1380 Dc.
194 1321 328 1388 Quemne
342 1341 397 1400 ego
413 1323 475 1382 heri
487 1322 547 1382 vidi
562 1322 598 1380 ad
615 1341 668 1381 vos
682 1323 790 1383 adferri
804 1323 942 1401 vesperil

114 1399 184 1477 My.
200 1400 227 1460 0
242 1400 387 1462 hominem
398 1403 562 1462 audacem!
586 1403 651 1462 Du.
662 1405 769 1463 Verum
783 1423 790 1460 :
806 1405 866 1463 vidi
879 1405 1057 1464 Cantharam
1070 1413 1111 1464 30

113 1481 349 1545 Suffarcinatam.
391 1483 461 1558 My.
477 1483 532 1540 Dls
545 1481 596 1558 pol
610 1481 709 1539 habeo
722 1483 840 1556 gratias,

114 1561 191 1618 Cum
205 1560 234 1618 iu
248 1561 392 1636 pariundo
406 1562 516 1638 aliquot
529 1559 687 1618 adsuerunt
701 1561 812 1621 liberae.

114 1640 180 1699 Du.
193 1639 249 1697 Nae
262 1639 309 1697 illa
322 1639 401 1698 illurn
418 1639 496 1696 haud
511 1640 603 1709 novit,
617 1640 704 1714 cujus
719 1640 809 1700 causa
823 1642 887 1701 haec
902 1642 1014 1722 incipit.

61 1733 65 1738 ·
113 1719 264 1787 Chremes,
279 1718 304 1776 ai
318 1717 445 1797 positum
458 1737 579 1792 pnerum
593 1729 660 1778 ante
674 1720 752 1780 aedes
766 1722 880 1791 viderit,
1044 1727 1048 1734 ’

114 1798 200 1858 Suum
216 1808 332 1876 gnatam
347 1813 406 1856 nori·
419 1797 521 1858 dabit:
543 1807 625 1856 tanto
640 1798 738 1859 hercle
751 1800 842 1878 magis
857 1801 951 1860 dabit.

115 1876 167 1937 ca.
183 1877 253 1935 Non
268 1877 364 1936 hercle
377 1877 475 1936 faciet.
514 1877 579 1937 Du.
597 1878 686 1936 Nunc
700 1880 787 1952 adeo,
804 1891 836 1938 ut
849 1891 880 1939 tu
895 1881 933 1938 siu
947 1882 1053 1952 sciens,

112 1955 176 2016 Nisi
190 1975 312 2032 puerum
329 1957 420 2026 tollis,
435 1957 500 2032 jam
514 1977 569 2034 ego
584 1957 663 2016 hvuuc
677 1958 706 2018 iu
722 1961 847 2018 mediam
859 1959 933 2019 viam

110 2035 305 2096 Provolvam:
332 2045 421 2114 teque
435 2037 541 2096 ibidem
556 2037 725 2114 pervolvam
741 2041 769 2096 iu
784 2039 857 2096 luto.

112 2115 183 2192 My.
196 2115 242 2174 Τιι
258 2117 308 2192 pol
323 2116 412 2175 homo
426 2137 484 2176 non
499 2136 529 2175 ea
541 2117 661 2176 sobrius.
704 2118 768 2176 Du.
784 2117 913 2178 Fallacia
984 2131 986 2136 '

110 2195 179 2254 Alia
192 2195 279 2256 aliam
294 2195 397 2256 trudit.
436 2197 501 2255 Jam
517 2197 767 2268 susurrariandic,
1068 2207 1109 2258 lo
1190 2219 1191 2236 ι

113 2275 213 2335 Civem
228 2276 356 2336 Atticam
369 2295 432 2335 esse
447 2277 534 2336 lianc.
578 2275 630 2335 cu.
645 2275 739 2335 Hem!
762 2277 825 2336 Dc.
840 2277 1099 2352 Coactunlegibns

111 2353 186 2416 Eam
201 2374 319 2416 uxorem
333 2355 432 2416 ducet.
464 2357 535 2433 My.
549 2360 595 2415 Au
610 2353 617 2413 l
633 2357 776 2424 obsecr03
798 2375 834 2415 an
850 2375 908 2415 non
923 2357 996 2415 civis
1012 2359 1078 2418 eut

40 2479 45 2497 .
115 2435 361 2510 casamarium
376 2435 406 2494 in
420 2438 526 2496 malum
541 2436 665 2494 insciens
680 2455 754 2512 pene
769 2437 868 2494 incidi.

108 2516 178 2574 *Dru
192 2515 266 2583 Quis
280 2515 329 2574 hic
344 2516 494 2592 loquitari
515 2535 534 2572 o
549 2517 684 2585 Chreme,
699 2533 752 2590 per
765 2524 882 2593 tempus
897 2515 1026 2578 advenis.

111 2595 268 2668 Ausculta.
313 2595 365 2655 cn.
380 2595 487 2652 Audivi
496 2593 558 2669 jam
570 2594 679 2652 omnia.
723 2595 788 2655 Du.
803 2596 888 2654 Anne
902 2605 934 2654 tu
950 2595 1069 2654 omnial

37 2749 41 2755 ι
115 2673 167 2733 cu.
183 2673 304 2744 Audivi,
321 2675 448 2752 inquam,
464 2692 481 2730 a
499 2673 655 2749 principio.
697 2673 762 2733 Du.
778 2675 923 2736 Audistin’
936 2677 1082 2734 obsecrol

112 2754 190 2824 liena
205 2753 314 2813 scelera
328 2755 335 2814 l
358 2753 435 2813 hanc
446 2753 510 2829 jam
526 2762 643 2829 oportet
659 2753 688 2810 in
700 2756 859 2814 cruciatum
875 2754 943 2814 hinc
956 2755 1061 2834 abripi.

112 2833 172 2893 iiic
187 2835 236 2893 ille
250 2835 312 2894 eati
336 2851 394 2892 non
411 2833 556 2891 teuredus
572 2833 685 2891 Davom
701 2833 810 2894 ludere.

113 2915 183 2992 My.
197 2916 250 2974 Me
264 2913 417 2973 miseram!
438 2913 519 2983 nihil,
535 2913 596 2989 pol,
611 2911 675 2970 falsi
690 2911 761 2983 dixi,
777 2914 816 2972 mi
827 2931 924 2971 senex.

115 2995 168 3054 ca.
182 2994 260 3054 Novi
274 3013 334 3053 rem
349 3013 474 3053 omnem.
515 2993 568 3050 Est
583 2993 662 3051 Simo
676 2992 777 3052 intua‘l
818 2993 960 3052 DmEst.
1067 3003 1105 3056 50

113 3073 184 3150 My.
199 3075 247 3134 Ne
262 3085 308 3132 me
323 3074 460 3152 attingas,
474 3073 620 3133 sceleste!
654 3077 678 3131 si
700 3073 751 3152 pol
771 3071 910 3152 Glycerio
931 3089 988 3130 nou
1008 3076 1106 3132 omnia

234 3153 310 3214 haec.
1190 3155 1191 3170 .

112 3233 178 3296 Du.
191 3233 265 3304 Eho,
278 3233 388 3310 inepta,
403 3233 498 3292 nescis
513 3232 583 3309 quid
595 3232 630 3290 sit
643 3232 766 3290 actuml
801 3232 871 3308 My.
887 3231 947 3299 Qut
962 3231 1074 3292 sciam'l
1174 3223 1191 3270 ³

115 3315 180 3376 Du.
194 3313 249 3372 Hic
264 3333 348 3372 socer
361 3323 423 3372 est:
447 3311 506 3369 alio
521 3323 610 3388 pacto
625 3311 702 3370 haud
717 3319 832 3386 poterat
847 3311 919 3380 fieri,

114 3395 157 3454 Ut
172 3393 258 3454 sciret
271 3393 346 3466 haec,
362 3412 429 3469 quae
443 3391 585 3450 volumus.
627 3389 698 3467 My.
714 3389 802 3460 Hem,
818 3391 1003 3467 praedicares.

115 3475 180 3534 Da.
193 3473 324 3533 Paullum
339 3474 478 3532 interesse
492 3489 606 3543 censes,
621 3491 656 3528 ex
671 3470 770 3528 animo
784 3471 890 3542 omnia,

113 3554 155 3614 Ut
169 3553 226 3618 fert
239 3564 351 3624 natura,
364 3553 467 3622 iacias,
483 3570 520 3610 an
535 3551 572 3610 de
586 3548 755 3610 industriil
