2404 4038
118 154 175 219 146
520 155 711 218 ADELl'Hl

116 311 174 371 Sed
190 309 379 450 ιιιιίῗηιιιιίιιιιι
394 309 616 390 7ιωριι]ιιιι]ι7
646 309 711 370 AEr.
726 311 1003 374 Paterbercleest.
1025 313 1117 391 perii!

278 392 465 452 iAEocliiue.

116 471 181 534 AEt.
209 471 340 609 Qquid?
318 473 387 533 huie
409 472 458 531 bie
484 473 583 551 negoti
607 472 667 533 ’etl
703 471 764 531 Mi.
792 471 879 532 Tune
902 473 955 532 hue
976 473 1116 553 pepulisti

250 550 340 611 ures?

115 633 219 692 Tucet.
261 632 322 691 Cur
336 651 394 692 uon
407 631 479 692 ludo
492 631 571 692 burro
586 631 822 710 aliquantisper?
844 631 1015 706 meliueest,
1174 645 1175 686 l

115 711 366 789 Quandoquidem
382 715 610 788 hocnunquam
625 712 717 770 mitri·
709 731 771 788 ipse
786 712 878 772 voluit
891 712 1024 774 eredere.

116 793 197 853 Nilril
211 793 282 851 milri
293 791 477 869 respondeo?
503 791 570 852 AEe.
587 793 655 850 Non
670 793 830 870 equidem
822 805 903 865 istus,
917 794 1000 872 quod
1012 795 1117 854 ocium.
1174 827 1175 842 ι

116 873 177 930 Mi.
194 873 263 932 liat
284 891 351 930 num
367 871 503 942 mirabar,
518 871 588 949 quid
605 871 652 929 blo
667 873 775 950 negotii
787 885 866 933 esset
877 873 942 933 tibi.
1174 937 1175 952 q

116 951 261 1012 Erubuit.
290 952 371 1011 selva
385 970 431 1009 res
446 961 500 1010 est
541 951 605 1010 AEo.
621 951 678 1008 Dio
693 953 790 1024 sodes
805 963 897 1030 pater,
1174 959 1175 1050 l

115 1031 567 1108 Tibiierbquidistioestreil
589 1031 652 1090 Mi.
668 1031 835 1092 Nihilnribi
848 1032 983 1110 quidem:
1082 1045 1116 1095 10
1174 1051 1175 1076 ³

115 1111 237 1170 Amicus
252 1113 372 1190 quidam
387 1131 433 1170 me
447 1131 464 1170 ιι
478 1110 543 1169 foro
557 1111 682 1170 obduxit
697 1111 786 1171 modb

116 1193 184 1250 Hue
199 1191 385 1252 advocatum
382 1191 459 1251 „uitri
499 1191 564 1250 AEs.
578 1189 682 1260 Quint
724 1192 787 1252 Mi.
802 1193 866 1270 Ego
880 1192 977 1254 dicein
990 1193 1066 1254 tibi:

114 1271 258 1332 Habitant
271 1273 320 1332 lrle
335 1271 473 1350 quiedam
488 1271 622 1330 mulieres
636 1271 842 1364 pauperculae:

115 1354 156 1410 Ut
170 1353 285 1446 opinoq
300 1353 352 1412 hae
367 1371 425 1411 noo
439 1354 526 1414 nbsse
540 1363 579 1423 te,
592 1362 622 1409 et
636 1351 717 1411 certb
732 1352 824 1412 scio:

115 1434 222 1510 Neque
236 1453 312 1494 enirn
327 1431 380 1493 diu
395 1433 454 1492 huc
468 1429 704 1508 oenrmrgrtrunt
745 1431 811 1492 AEe.
824 1431 904 1500 Quid
918 1444 978 1492 tum
992 1435 1116 1512 posterii
1174 1391 1175 1474 7

116 1514 177 1572 Mi.
193 1515 282 1590 Virgo
296 1523 421 1573 estotim
434 1525 537 1572 mette.
571 1511 637 1571 AEo.
652 1513 753 1589 Perge.
776 1513 837 1573 Mi.
854 1514 1027 1592 Haecvrrgo
1042 1517 1115 1574 orba

236 1605 281 1653 est
317 1603 398 1652 alte.

116 1673 155 1730 H
149 1693 175 1732 re
190 1693 270 1732 rneus
284 1612 418 1746 abricus:
411 1670 452 1728 illi
467 1689 572 1746 genere
587 1678 631 1730 est
649 1690 827 1748 proxumus.

115 1755 194 1812 Hrrre
209 1754 288 1827 leges
302 1761 421 1829 cogunt
426 1751 536 1810 nubere
552 1751 639 1809 bano.
668 1749 735 1811 AEe.
752 1753 847 1811 Perii!
876 1751 937 1814 Mi.
954 1752 1112 1822 Quid-esi?
1174 1759 1175 1832 l

115 1832 181 1890 AEs.
198 1832 299 1890 Nihil:
316 1833 418 1890 recte:
442 1850 541 1908 perne.
582 1831 644 1890 Mi.
658 1833 687 1890 ls
698 1829 788 1902 venir.
802 1843 834 1892 ut
849 1851 950 1891 secum
965 1834 1093 1905 eveliat;

116 1913 191 1970 Nam
206 1911 320 1971 trabitur
333 1911 441 1971 Mileti.
476 1911 651 1971 AEe-Hern!
670 1911 808 1988 virginem
825 1922 856 1971 ut
870 1932 970 1970 secum
984 1915 1112 1973 avebat!

116 1993 177 2052 Mi.
193 1993 312 2058 Sioest.
345 1991 411 2052 AES.
427 1990 560 2052 Miletum
578 2011 680 2068 usque,
694 1991 841 2051 obsecro?
869 1993 931 2053 Μι’.
946 1994 1001 2051 lta.
1045 1994 1111 2135 AEq.
1174 2015 1175 2018 ¹

237 2073 345 2131 Animo
360 2072 454 2130 male’
456 2083 492 2130 st.

117 2153 198 2222 Quid
213 2153 308 2232 ipsiel
329 2152 400 2230 quid
415 2151 517 2210 eiuntl
546 2151 606 2210 Mi.
622 2149 700 2218 Quid
716 2150 781 2210 illas
795 2153 921 2215 censesl
942 2151 1012 2211 nibil
1023 2156 1110 2214 eninr

116 2237 542 2302 communionibusque
557 2251 592 2290 ex
606 2231 704 2289 alio
679 2251 751 2304 viro,
1174 2247 1175 2332 q

116 2315 227 2376 Nescio
242 2334 312 2392 quo
329 2332 449 2390 puerum
465 2322 582 2388 uatum3
604 2330 700 2387 neque
714 2332 780 2370 eum
795 2313 943 2372 nominat.

115 2397 245 2454 Priorem
260 2413 323 2454 esse
337 2393 437 2461 illum;
459 2412 517 2451 rron
528 2402 664 2474 oportere
678 2391 744 2450 huic
757 2392 830 2452 dari.

114 2476 181 2534 AEe.
196 2475 279 2534 Eho!
302 2493 398 2532 nonne
412 2474 483 2530 lraeo
484 2472 567 2548 justu
582 2471 636 2530 tibi
651 2470 786 2530 videntur
799 2470 922 2550 postea?
994 2509 997 2518 ·

116 2555 179 2614 Mi.
200 2555 280 2612 Non.
322 2553 387 2671 {Ee
409 2551 557 2620 Obsecro,
583 2549 664 2635 noui
692 2569 729 2608 ιιιι
756 2551 834 2610 illem
863 2553 930 2610 bino
965 2552 1111 2624 abducet,
1174 2605 1175 2608 ,

237 2642 339 2708 puter.
1174 2649 1175 2708 ι

115 2715 178 2774 ι.
193 2713 272 2782 Quid
285 2712 365 2773 illam
381 2729 411 2770 ιιι
402 2707 579 2770 abducrtt
613 2709 679 2768 AEr.
695 2709 818 2771 Factum
831 2730 860 2770 ιι
863 2711 946 2770 vobis
960 2711 1097 2782 duriter,

115 2791 461 2868 Immisericorditerque;
482 2777 685 2867 ιιιιιιεειίιιιιι,
699 2791 793 2863 eiest,
807 2804 902 2872 pater,

116 2875 283 2935 Dicendum
300 2870 515 2950 megieapertb,
530 2868 723 2931 illiberaliter..
919 2883 934 2918 ’-
1073 2877 1110 2930 80
1174 2887 1175 2900 7

117 2957 179 3016 Ml.
195 2949 416 3024 Quamobrem?
450 2951 516 3011 AEr
532 2950 631 3028 Rogas
646 2949 715 3009 mel
743 2949 814 3029 quid
839 2950 881 3009 illi
905 2949 1026 3011 tandem
1048 2969 1108 3011 ore·

236 3034 305 3092 ditis

64 3169 65 3172 ,
115 3116 191 3174 Fore
207 3114 295 3172 enimi
309 3112 423 3182 misero,
430 3110 490 3202 'qui
503 3129 570 3168 curn
584 3080 633 3168 illl
647 3109 797 3169 consuevit
812 3108 901 3187 priris,

115 3194 175 3263 Qui
189 3193 286 3252 infelix
302 3191 379 3250 baud
396 3191 457 3250 scio
471 3209 507 3248 nn
520 3190 598 3248 ittam
615 3188 719 3248 misere
732 3209 810 3248 nunc
823 3202 912 3260 emat,

116 3275 213 3342 Quum
229 3273 303 3332 lieno
317 3272 375 3331 sibi
392 3269 502 3328 videbit
513 3288 643 3347 praesens
656 3270 793 3347 praeseuti
806 3271 890 3347 eripi,

114 3353 235 3413 Abduci
248 3353 287 3410 eb
301 3349 417 3410 oculisl
437 3347 549 3408 lacinus
564 3349 725 3426 indignum,
741 3350 857 3440 puter!⁸

116 3435 179 3502 Mi.
197 3430 264 3501 Qut
278 3431 390 3490 tutione
404 3429 503 3488 istuc?
525 3429 590 3504 quie
605 3428 786 3506 desponditl
807 3429 872 3524 quis
888 3427 993 3487 dediit

78 3537 84 3550 ·
115 3513 195 3574 enit
218 3511 337 3592 quondo
352 3509 469 3588 nupsitl
494 3517 599 3567 euotor
612 3508 656 3567 bie
670 3510 757 3569 rebus
770 3506 910 3586 quirent?
