2402 4036
270 220 273 228 ¹
356 235 492 298 AC‘FUS
510 235 548 298 V.
585 237 722 304 'SCDNA
742 237 813 298 vll.
1022 247 1085 311 2⁴29

67 393 168 454 Phor.
193 393 421 487 lemnioirabuit
434 391 533 456 eiiam.
577 392 663 455 Chre.
679 393 791 456 Nuiiuu
803 413 878 454 sum.
923 393 1080 481 Pion-Et

68 493 234 634 Suscepid:¹
236 473 288 614 fletfi
291 473 358 616 ¹3:1¹
372 554 449 615 ciem
462 553 585 616 educat.
630 555 716 616 cure.
729 556 869 636 Sepultus
884 574 957 614 suut.
1041 567 1080 619 50

70 635 170 696 Phor.
190 635 266 696 Haec
280 635 356 696 adeo
371 655 426 714 ego
439 635 480 695 iiii
489 636 554 713 janu
569 634 743 696 denarrabo.
789 635 874 697 cure.
896 635 1044 708 Obsecro,

69 715 116 774 Ne
130 713 232 778 facias.
276 717 374 778 Prior.
390 717 455 780 ΗοΙ
471 725 542 778 tune
556 717 581 776 is
593 715 675 776 eras?
718 718 777 778 Dc.
792 718 834 778 Ut
849 715 938 776 iudos
953 716 1043 778 faciti

71 795 159 856 Chre.
176 795 301 856 Missum
316 807 345 858 te
360 796 493 858 iacimus.
537 797 636 858 Phor.
651 797 792 858 Fabuiaei
836 798 922 858 Clrre.
938 797 1020 866 Quid
1035 799 1099 868 uis,

37 934 41 941 ¹
69 877 246 1050 Argeutdid:
255 879 338 1038 duod
353 957 456 1031 habes,
469 957 677 1020 condonamus
692 969 732 1020 te.
776 957 874 1022 Phor.
889 957 998 1021 Audio.

69 1037 150 1108 Qtud
165 1055 229 1113 vos,
244 1040 373 1106 maium!
395 1058 465 1120 ergo
478 1049 527 1101 me
542 1039 585 1100 sic
599 1037 801 1113 ludificcmini,

69 1117 122 1181 Ine
144 1117 179 1190 ti,
192 1119 292 1182 vostri
306 1117 410 1198 puerili
423 1117 589 1180 seutentidi

35 1244 39 1253 .
68 1135 162 1270 naid,
177 1201 261 1262 volo:
284 1201 365 1274 volo,
379 1201 452 1260 uolo
464 1219 595 1262 rursum:
617 1199 705 1270 cedo,
719 1217 804 1278 cape.

70 1277 160 1348 Quod
183 1280 308 1355 dictum,
332 1279 475 1343 indictum
501 1281 557 1348 ’st;
580 1280 661 1360 quod
687 1281 776 1342 modo
798 1291 864 1344 erat
885 1293 992 1355 ratum,
1008 1284 1072 1345 irri-

190 1371 253 1424 tum
269 1372 323 1424 eoi.

71 1439 157 1501 Chre.
172 1442 241 1513 Quo
256 1452 358 1522 pacto,
372 1453 424 1504 aut
439 1440 518 1502 uude
533 1441 598 1502 haec
614 1441 662 1500 hic
678 1440 817 1502 resciviti
849 1443 906 1504 De.
921 1445 1051 1515 Νεμείῳ

68 1521 144 1592 Nisi,
160 1541 206 1582 tue
219 1523 327 1584 dixisse
341 1524 461 1594 nemini,
475 1521 505 1582 id
517 1523 598 1599 certd
613 1521 687 1582 scio.
1031 1523 1077 1585 60,

26 1672 29 1678 ¹
71 1599 156 1664 cure:
188 1602 325 1676 Monstri,
354 1604 395 1664 itu
423 1623 470 1664 rue
497 1603 537 1662 Di
565 1602 683 1664 amenti
713 1602 815 1663 simile.
859 1603 957 1666 Phor.
980 1604 1072 1684 injeci

190 1685 374 1763 serupuium.
417 1683 585 1744 De.Hemi
849 1728 855 1741 ,

68 1759 191 1822 Hic‘cine
206 1772 239 1824 ut
252 1783 271 1822 a
285 1765 370 1823 nobis
384 1763 442 1824 hoc
455 1772 570 1826 tantum
585 1763 697 1842 argenti
711 1761 839 1836 auferet,

66 1841 141 1900 Tam
156 1844 259 1922 aperte
273 1844 417 1904 irridensi
438 1845 530 1903 emori
544 1843 642 1902 hercle
654 1844 745 1903 satius
758 1855 812 1905 est.

65 1921 174 1982 Animo
187 1923 262 1984 virili
275 1921 473 2004 praeseutique
488 1933 522 1984 ut
534 1924 572 1983 sis
586 1942 677 2001 para:

65 2001 155 2062 Vides
170 2013 252 2065 tuum
267 2015 424 2087 peccatum
435 2023 500 2064 esse
513 2003 620 2064 elatum
636 2003 730 2072 soram

66 2079 170 2162 Neque
181 2085 246 2162 jam
261 2086 291 2145 id
306 2086 400 2145 celare
412 2104 499 2164 posse
514 2095 543 2144 te
558 2104 678 2144 uxorem
695 2095 785 2143 tuam.

66 2163 156 2224 Nunc
173 2165 254 2245 quod
268 2167 334 2245 ipsa
346 2187 382 2228 ex
396 2167 459 2226 aliis
473 2165 610 2226 auditura
625 2165 672 2236 sit,
689 2165 824 2236 Chreme,

66 2243 101 2302 id
114 2255 229 2308 nosmet
242 2247 320 2341 ipsos
335 2247 473 2319 iudicare,
489 2245 664 2324 placabilius
677 2256 732 2304 eat.

64 2326 142 2386 Tum
156 2329 234 2388 hunc
249 2338 426 2406 impuratum
440 2327 601 2406 poterimus
615 2334 713 2386 nostro
728 2325 819 2384 modo

64 2405 187 2471 Ulcisci.
220 2409 317 2470 Phor.
332 2409 422 2468 Atat!
444 2408 498 2468 nisi
513 2407 583 2468 mihi
598 2405 756 2485 prospicio,
775 2405 884 2468 horreo.
1027 2415 1067 2476 70

66 2482 104 2544 Hi
118 2489 295 2567 gladiotorio
309 2489 406 2548 animo
420 2488 459 2547 ad
474 2508 522 2548 rue
534 2485 685 2547 adfectant
698 2485 783 2547 viam.

65 2566 152 2630 Chre.
175 2573 215 2630 At
230 2587 340 2641 vereor,
357 2579 389 2629 ut
400 2569 512 2648 piscari
527 2567 629 2650 possit.
671 2569 729 2630 Dc.
745 2567 830 2627 Bono
841 2567 940 2628 attinio
953 2589 996 2630 es.

63 2648 127 2726 Ego
142 2649 340 2730 redigamwvos
354 2650 383 2709 iu
398 2651 531 2730 gratiam,
547 2650 604 2709 hoc
618 2647 721 2721 fretus,
738 2648 875 2719 Chreme,

62 2731 164 2795 (tuum
179 2749 196 2790 e
211 2730 308 2790 medio
321 2731 459 2802 excessit,
474 2731 551 2790 uude
567 2731 631 2790 hoee
645 2739 786 2808 suscepta
798 2730 834 2789 'st
848 2729 913 2789 tibi.

64 2810 165 2870 Phor.
180 2811 262 2871 Itane
277 2811 363 2890 agitis
379 2809 512 2870 mecum?
533 2812 603 2868 satis
618 2812 714 2870 astute
728 2809 933 2888 adgredimini.

64 2891 132 2950 Non
148 2891 245 2952 hercle
259 2911 296 2951 ex
310 2909 341 2950 re
356 2890 440 2969 istius
455 2910 500 2948 rue
514 2887 669 2968 instigasti,
685 2891 841 2966 Demipho.

63 2971 131 3030 Aiu’
144 2972 201 3033 tui
223 2973 273 3032 ubi
288 2990 421 3051 peregre,
435 2970 491 3030 tibi
502 2971 580 3048 quod
597 2970 710 3029 libitum
727 2970 793 3042 iuit,
807 2970 923 3044 feceris,

62 3052 170 3131 Neque
185 3052 274 3132 hujus
288 3054 326 3112 sis
340 3054 457 3122 veritus,
466 3051 584 3111 femiuae
600 3051 755 3128 priuiariae,

56 3134 145 3202 ¹Quiu
161 3151 238 3192 novo
249 3133 339 3193 modo
353 3133 380 3192 ei
394 3132 504 3192 iaceres
519 3131 723 3191 coutumeliam
736 3152 745 3200 ;

63 3212 172 3273 Venias
187 3233 265 3273 nuuc
280 3215 416 3291 precibus
430 3213 541 3272 lautum
553 3221 708 3291 peccatum
724 3213 832 3270 tuumt
1028 3216 1066 3272 80

63 3293 156 3363 Hisce
169 3314 225 3373 ego
238 3295 318 3355 iiiam
332 3294 422 3355 dictis
437 3296 479 3354 ita
493 3293 548 3353 tibi
561 3295 711 3352 incensam
725 3290 817 3364 dabo,

63 3375 105 3434 Ut
117 3394 153 3434 ue
164 3377 327 3453 restinguas
340 3375 477 3434 lacrumis
493 3375 516 3434 si
530 3373 729 3434 castitiaveris.

64 3455 124 3515 De.
139 3453 264 3526 Maium,
277 3455 358 3535 quod
373 3455 421 3514 isti
439 3455 479 3514 Di
496 3457 625 3532 Deaeque
640 3473 741 3512 omnes
755 3451 855 3512 duint!

62 3536 200 3597 Tautdne
213 3537 364 3596 adiectum
379 3555 557 3614 quemquam
571 3555 632 3594 esse
647 3534 794 3594 homiuem
809 3529 959 3594 audacidi

60 3618 131 3677 Non
145 3616 203 3678 hoo
218 3617 378 3696 publicitus
393 3616 488 3677 scelus
504 3616 573 3676 hinc
587 3615 771 3695 deportarier

148 3723 213 3784 Ter.
921 3718 946 3776 U
