2402 4036
382 213 568 291 Acuusv.
592 231 820 293 senatvm·
1027 245 1089 308 227

91 385 188 444 ler.
220 385 388 446 Somnium!
421 387 493 446 utin'
513 385 739 465 haecignoraret
760 405 845 448 enum
867 393 1003 468 putrent
1033 394 1086 454 Ge.

213 465 332 544 Aliquid
346 465 469 539 credito,

89 544 236 617 Phormio,
252 566 314 605 esse
324 567 445 618 ¹causae:
469 546 520 608 sed
538 567 584 608 me
598 547 713 608 cenaen'
727 548 856 626 potuisse
870 551 968 610 omnia

86 623 253 704 Intelligere
267 636 350 686 extra
364 627 483 698 ostium,
498 627 577 687 intus
591 648 658 706 quae
672 628 746 688 inter
760 649 822 688 rese
834 630 889 708 ipsi
904 631 1036 708 egerint?

91 705 191 765 Phor.
213 704 317 784 Atque
332 707 430 768 hercle
440 729 495 786 ego
511 728 627 788 quoque
641 709 720 768 iliam
734 709 862 769 inaudivi
877 711 1017 772 fabulum.
1035 714 1089 776 Ge.

212 787 307 846 Immo
320 789 407 847 etiam
422 789 511 859 dabo,

88 866 159 934 Quo
174 867 267 945 magis
281 867 404 928 credas:
419 878 540 948 patruus
554 869 663 930 interea
677 868 744 928 inde
761 869 819 929 huc
833 872 981 950 egreditur
994 874 1088 936 forat:

90 945 180 1006 Haud
197 947 289 1008 multi)
306 958 373 1026 post
387 969 453 1008 cum
469 961 552 1026 patre
567 951 642 1008 idem
660 950 765 1027 recipit
781 970 811 1008 re
826 951 903 1012 intrd
918 953 1034 1014 denuor

90 1029 142 1086 Ait
158 1038 279 1106 uterque
293 1031 346 1087 tibi
360 1039 536 1106 potestatem
551 1031 615 1106 ejus
630 1031 775 1090 habendae
790 1051 821 1091 ae
835 1033 916 1094 dare.
1051 1044 1091 1098 to

91 1106 231 1185 Denique
239 1127 295 1186 ego
305 1109 405 1168 missus
417 1128 491 1180 sum,
504 1121 533 1169 te
546 1121 578 1168 ut
592 1111 780 1186 requirerem,
794 1123 883 1190 atque
897 1113 1090 1177 adducerem.

90 1187 156 1247 An.
177 1187 255 1258 Quin
272 1208 340 1266 ergo
356 1209 426 1266 rape
440 1209 504 1249 me:
528 1189 599 1268 quid
616 1191 736 1250 cessari
768 1190 821 1251 Ge.
837 1195 957 1254 Fecere.
983 1195 1045 1257 An.
1062 1197 1091 1256 Ο

216 1268 255 1326 mi
270 1269 420 1340 Phormio,

92 1349 175 1408 Vale.
219 1348 315 1408 Phor.
341 1349 421 1420 Vale,
438 1349 591 1430 Antipho:
615 1349 700 1421 bene,
716 1349 757 1408 ita
773 1370 818 1410 nre
832 1352 870 1412 Di
884 1356 1000 1414 ament!
1030 1353 1092 1414 sac-

114 1478 116 1481 .
215 1439 298 1490 tum:
321 1430 445 1506 gaudeo,
611 1484 614 1494 .

92 1507 217 1566 Tantam
234 1509 377 1568 fortunam
394 1510 432 1568 de
446 1510 605 1588 improviso
618 1531 681 1570 esse
695 1507 739 1569 his
754 1511 863 1570 datam.

94 1589 211 1646 Summa
227 1589 365 1648 eludendi
381 1591 497 1650 occasio
510 1593 547 1649 'st
560 1591 631 1648 milri
646 1610 724 1650 nunc
739 1611 831 1662 senes,

94 1667 131 1726 Et
147 1667 288 1728 Piraedriae
303 1691 402 1729 curam
417 1672 543 1731 adimere
557 1673 758 1748 argentariam,

94 1750 140 1806 Ne
156 1751 291 1825 cuiquam
309 1771 427 1810 suorum
440 1752 596 1829 aequalium
612 1753 736 1830 supplex
751 1753 824 1812 sict:

96 1828 173 1886 Nam
190 1829 268 1888 idenr
285 1833 339 1888 hoc
356 1843 518 1907 argentum,
533 1834 572 1890 ita
589 1843 620 1890 ut
634 1835 735 1892 datum
752 1832 798 1904 ’st,
814 1834 943 1910 ingratiis

90 1909 126 1967 Ei
137 1907 237 1968 datum
252 1911 327 1970 erit:
352 1912 408 1970 hoc
424 1910 475 1988 qui
491 1929 605 1986 cogam,
622 1931 652 1970 re
667 1911 731 1988 ipsd
743 1915 869 1990 repperi.

94 1989 184 2049 Nunc
199 2001 299 2069 gestus
313 1991 393 2062 mihi,
410 1991 563 2066 voltusque
578 1999 622 2050 est
636 1989 801 2068 capiundus
815 2011 919 2052 novus.
1057 2003 1096 2055 50

94 2071 153 2127 Sed
171 2070 237 2128 hinc
252 2072 412 2130 concedam
428 2071 457 2130 in
473 2073 658 2150 angiportum
676 2073 732 2132 hoc
747 2072 933 2148 proximum:

95 2149 168 2207 lude
183 2151 263 2209 irisce
277 2153 426 2210 ostendam
443 2171 499 2222 me,
515 2153 565 2210 ubi
579 2163 663 2210 erunt
678 2152 782 2231 egressi
798 2151 886 2210 foras.

97 2225 166 2298 Quo
183 2250 227 2290 me
238 2231 442 2292 adsimuldram
459 2233 499 2290 ire
514 2231 551 2291 ad
569 2241 740 2302 mercatum,
756 2251 814 2294 nou
828 2252 874 2291 eo.
901 2252 903 2255 ’

484 2473 616 2533 SCENA
638 2471 703 2532 vlt.

274 2635 460 2694 Dumreuo.
502 2635 690 2694 Pnoamro.
733 2635 920 2695 Cumanos.

102 2797 162 2855 De.
175 2794 230 2852 Dis
245 2813 365 2870 magnas
379 2796 480 2854 merito
495 2794 602 2869 gratias
615 2794 722 2866 habeo,
737 2804 827 2872 atque
841 2814 907 2872 ago,

98 2875 229 2944 Quando
244 2894 364 2934 evenere
380 2875 444 2934 haec
458 2875 554 2943 nobis,
568 2873 666 2944 frater,
680 2874 832 2952 prospere.

100 2958 251 3024 Quantum
268 2965 377 3032 potest,
393 2975 470 3014 nunc
485 2953 705 3015 conveniendus
720 2953 858 3012 Phormio
871 2964 926 3024 est,

102 3035 276 3113 Priusquam
290 3033 432 3112 dilapidet
445 3043 558 3093 nostras
572 3033 688 3111 triginta
702 3035 803 3103 minas,

102 3117 145 3175 Ut
161 3117 336 3180 aut'eraurus,
378 3113 917 3190 Pltor.Demipirouem,sidomiest,
1083 3157 1086 3164 .

102 3195 219 3252 Visam:
242 3206 285 3266 ut,
301 3195 461 3271 quod-4·-
483 3195 561 3263 ,Do
577 3196 618 3252 At
633 3213 685 3252 nos
701 3194 737 3254 ad
760 3203 789 3252 te
812 3191 937 3263 ilrrmus,
952 3191 1100 3255 Phormio.

105 3273 200 3334 Plror.
224 3275 270 3333 De
284 3275 386 3333 eedem
400 3275 455 3334 hac
471 3275 593 3334 sortasse
606 3273 707 3333 causi.
735 3271 793 3334 De.
809 3273 854 3332 Ita
871 3271 981 3334 hercle,
1004 3274 1101 3334 Plror.

224 3354 351 3414 Credidi.
390 3365 391 3370 ’
643 3410 646 3415 ,
803 3372 806 3380 ·
893 3405 896 3412 .

103 3434 184 3502 Quid
199 3434 236 3493 ad
253 3455 298 3494 me
312 3433 421 3494 ibatis?
442 3434 596 3495 ridicuium
608 3435 616 3495 i
630 3432 821 3503 verebamini,
874 3487 876 3492 .

103 3513 149 3573 Ne
164 3533 223 3572 non
237 3514 266 3573 id
281 3514 418 3586 facerem,
430 3517 509 3594 quod
524 3515 696 3594 recepissem
712 3511 822 3574 semel?
971 3565 974 3572 ,
1040 3589 1043 3592 -

106 3593 209 3654 Heus!
232 3605 340 3672 quanta
356 3607 465 3673 quanta
480 3596 545 3656 haec
561 3605 798 3675 mea-paupertas
814 3601 871 3665 est,
885 3602 981 3654 tamen
1067 3602 1104 3651 10
