2404 4038
384 259 517 342 iosus
537 277 574 338 v.
616 275 749 338 scens
770 278 828 338 111.
1046 284 1101 340 ιιι

502 551 634 614 scaNA
655 553 712 614 111.

449 730 576 792 Mimo.
618 733 763 792 Dureau.

101 887 169 948 Mt.
183 885 335 946 PARATA
350 903 367 944 n
380 885 467 946 nobis
480 881 566 960 sunt,
575 894 606 947 nt
619 886 691 958 dixi,
706 889 849 960 Sostrata,

104 967 165 1027 Ubi
181 966 234 1025 sie.
276 965 420 1032 Quisnam
435 987 452 1026 a
467 987 513 1024 me
528 969 644 1046 pepulit
658 977 718 1028 tam
734 968 859 1046 graviter
873 965 978 1030 teresi

104 1047 167 1108 Dr.
182 1045 239 1106 ilei
254 1045 325 1104 mihi
335 1045 438 1184 loequid
453 1045 581 1107 facinori
602 1047 672 1127 qnid
687 1050 799 1126 ngami
820 1049 890 1126 quid
906 1049 1043 1124 clamem,
1054 1059 1106 1110 aut

230 1145 335 1204 querar

108 1207 137 1266 0
153 1205 281 1266 ooeluml
304 1225 322 1262 o
336 1205 430 1265 terrai
452 1225 471 1264 o
483 1206 575 1266 maria
588 1206 741 1284 Neptuni!
769 1207 832 1267 Mi.
847 1210 923 1270 Hem
941 1209 1013 1270 tibil

105 1286 237 1346 Rescivit
249 1305 362 1345 omnem
380 1305 458 1356 rem;
481 1287 510 1344 id
525 1305 606 1356 nnnc,
617 1287 726 1346 clamat
740 1287 870 1348 scilicet:

104 1367 221 1426 Paratae
236 1365 320 1433 lites:
342 1367 570 1424 succurrendum
585 1367 631 1424 ’st
673 1367 734 1426 De.
748 1368 860 1427 Eccum
874 1366 960 1428 adest

105 1447 279 1510 Communis
293 1447 461 1523 corruptela
475 1445 607 1504 nostrum
624 1445 746 1520 liberilm
760 1445 769 1506 l

107 1527 172 1588 Mt.
185 1525 318 1584 Tandem
335 1525 458 1602 reprime
474 1525 662 1596 iracundiam,
677 1535 768 1604 atque
781 1525 819 1586 ad
835 1535 863 1586 te
876 1525 950 1588 redi.

108 1608 168 1668 De.
183 1606 334 1684 Repressi,
350 1606 440 1665 redii:
463 1607 549 1665 mitto
563 1605 723 1666 maledicta
737 1605 850 1665 omnia:

107 1687 182 1746 Rem
196 1687 293 1764 ipsam
308 1685 462 1762 putemus:
484 1686 597 1744 dictum
614 1686 669 1745 hoc
683 1685 758 1746 inter
771 1705 825 1746 nos
838 1686 912 1757 linit:
1070 1699 1107 1750 lo

105 1767 152 1826 Ex
165 1776 195 1826 te
209 1765 285 1824 oded
299 1775 346 1823 est
357 1777 465 1836 ortum,
481 1785 516 1824 ne
531 1776 563 1824 tu
576 1785 695 1826 curares
715 1787 823 1838 meum,

106 1847 192 1906 Neve
205 1865 261 1922 ego
276 1845 556 1922 ruumtresponde.
595 1847 653 1905 Mi.
670 1847 792 1906 Factum
808 1849 867 1916 'etz
888 1866 948 1908 non
964 1868 1049 1930 nego.

108 1927 169 1987 Dc.
186 1927 248 1985 Cur
261 1943 339 1983 nuno
353 1926 433 2003 apud
450 1927 600 2002 reputati
621 1945 674 1984 cur
684 1928 791 2004 recipis
807 1929 926 1988 meuml

107 2008 170 2067 Cur
181 2006 253 2064 emis
268 2005 406 2075 amicam,
419 2005 531 2065 Micioi
552 2023 619 2062 nam
635 2005 688 2082 qni
703 2005 799 2064 minis

108 2085 186 2146 Mihi
198 2084 276 2144 idem
289 2084 339 2160 jus
355 2105 470 2162 aequom
485 2087 522 2142 ’st
532 2104 605 2155 esse,
620 2085 700 2162 qnod
716 2104 831 2144 mecum
845 2089 883 2148 'et
898 2086 973 2148 tibil

107 2167 236 2233 Quando
250 2185 304 2243 ego
321 2173 401 2223 tunm
417 2185 473 2224 non
489 2185 571 2236 curo,
585 2184 621 2223 ne
636 2185 706 2226 cura
721 2185 829 2224 meum.

108 2247 171 2306 Mt.
186 2247 254 2305 Non
269 2265 385 2324 aequom
402 2245 495 2311 dicis:
517 2265 594 2314 non;
625 2265 691 2304 uem
715 2255 800 2306 vetus
823 2245 943 2307 verbum
967 2247 1024 2308 lroc
1041 2247 1106 2324 qni-

231 2325 297 2384 dem
314 2337 377 2394 est:

108 2406 285 2464 Communia
300 2425 363 2463 esse
378 2403 537 2462 amicorum
554 2403 628 2461 iuter
642 2423 672 2460 re
686 2403 793 2462 omnia.

108 2485 169 2546 De.
185 2485 309 2544 Facete!
332 2503 411 2542 nuno
425 2482 542 2540 demum
560 2482 642 2542 istaec
657 2493 724 2542 neta
735 2484 828 2542 cretio
840 2493 893 2542 ert.

110 2565 173 2624 Mi.
188 2565 332 2624 Ausculta
346 2563 458 2642 paucis,
474 2563 530 2620 nisi
546 2563 696 2622 molestum
712 2573 767 2636 est,
783 2563 905 2626 Demea.
1068 2576 1106 2629 20

109 2643 274 2721 Principio,
285 2644 309 2702 si
321 2643 351 2701 id
366 2653 395 2702 te
411 2643 534 2713 mordet,
549 2653 679 2702 sumtum
693 2641 745 2702 lilii

109 2723 207 2792 Quem
221 2723 343 2792 faciunt,
359 2743 461 2800 qnaeso
476 2721 568 2783 facito
584 2725 648 2782 haeo
666 2733 762 2783 tecum
777 2723 906 2805 cogites:

107 2803 158 2862 Tu
173 2804 239 2862 illos
253 2806 328 2862 dnos
343 2804 413 2864 oiim
428 2822 482 2880 pro
498 2823 528 2860 re
544 2804 667 2862 tollebas
682 2805 745 2876 rut,

109 2883 200 2950 Quod
214 2884 281 2941 satis
294 2885 422 2960 putabas
437 2896 486 2940 tua
501 2883 577 2940 bona
591 2883 735 2940 eurbobus
751 2883 824 2954 sore,

108 2962 148 3022 Et
163 2983 207 3021 me
222 2972 283 3022 tnur
301 2981 420 3021 uxorem
434 2961 598 3030 credidisti,
614 2961 736 3029 scilieet,

109 3043 296 3102 Dnctnrum:
321 3044 445 3102 eandem
461 3041 538 3098 illam
554 3041 694 3100 rationem
709 3041 857 3117 antiquam
873 3043 992 3102 obtine:

110 3124 272 3194 Censores,
288 3143 396 3200 quaere,
415 3139 519 3198 parce:
542 3121 590 3179 fec
605 3119 693 3196 quim
708 3121 864 3198 plurimum

110 3201 175 3260 Illis
188 3202 353 3280 relinquas:
375 3201 494 3278 gloriam
510 3209 541 3258 tu
557 3200 640 3259 istam
655 3201 765 3260 obtine.

110 3281 190 3355 Mea,
207 3302 274 3357 quae
289 3293 397 3360 praeter
409 3299 491 3358 spem
507 3291 773 3351 evenere-utantur
787 3281 859 3340 sine.

110 3363 160 3421 De
173 3361 285 3421 summit
302 3361 370 3419 nihii
386 3360 531 3420 decedet:
555 3361 635 3436 quod
652 3361 900 3434 lrincaccesserit,
1068 3371 1107 3425 ³0

110 3441 145 3500 Id
160 3441 199 3500 de
212 3442 297 3500 lucro
311 3451 416 3519 putato
430 3460 493 3498 esse
507 3459 603 3499 omne.
644 3439 717 3500 ilaec
732 3441 755 3500 si
769 3441 849 3500 voles

21 3521 23 3524 ’
111 3523 149 3580 Io
162 3522 261 3582 aoinro
276 3523 342 3580 vere
357 3520 495 3598 cogitare,
510 3523 634 3590 Demea,

109 3601 150 3661 Et
163 3599 245 3673 milri,
260 3613 289 3662 et
302 3602 366 3670 tibi,
381 3615 412 3661 et
424 3600 490 3669 illis,
504 3599 645 3660 demseris
654 3596 832 3662 molestiam.

110 3681 170 3744 De.
187 3683 277 3742 Mitto
293 3701 371 3742 rem:
394 3681 633 3743 consuetudinem
649 3682 788 3760 ipsorum.
830 3681 892 3746 Mi:
908 3680 1035 3750 Macer.
