2404 4038
109 243 149 306 10
488 235 721 300 EUNUCHUS.

112 387 277 467 Capillum:
299 390 476 448 monstrum!
497 391 585 448 etiam
602 391 677 447 ultro
692 388 819 448 derisum
834 389 961 448 advenit.

113 467 168 530 Tlt.
191 468 280 528 Abin’
293 469 371 539 lrinc,
386 468 508 526 insonui
529 471 591 545 Py.
605 471 685 536 Quid
701 471 741 527 ita
755 469 848 530 vcrol
869 470 1005 540 debeam,

111 546 222 621 Credo,
237 549 284 606 isti
298 543 459 626 quidquam
474 548 621 619 furcifero,
638 549 662 606 si
677 550 705 606 id
721 549 840 608 fecerim
853 571 861 618 ;

111 627 276 688 Praerertim
291 647 359 686 cum
374 648 403 686 se
418 648 532 686 servum
547 628 673 686 fateatur
688 640 781 690 tuum.

114 707 171 768 ss.
191 707 282 766 Missa
296 707 360 766 haec
374 707 525 768 iaciamus.
567 711 634 768 Non
648 719 678 784 te
693 709 824 786 dignum,¹
840 707 972 778 Chaerea,
1025 711 1030 724 '

112 785 221 847 Fecisti
233 807 241 854 3
263 805 332 846 narn
344 787 399 846 etsi
412 809 466 866 ego
480 787 569 864 digna
582 790 636 846 hac
652 788 830 846 contumelii
875 816 878 822 ·

112 867 184 925 Sum
198 867 344 937 maxume,
355 878 387 926 at
403 877 433 926 tu
448 867 592 944 indignus,
607 869 656 944 qui
671 867 785 928 faceres
799 878 906 926 tamen.

112 945 219 1023 Neque
233 946 360 1024 aedepol,
375 946 446 1025 quid
462 966 537 1005 nuuc
552 947 664 1005 consilii
680 949 806 1023 capiam,
821 947 895 1017 scio,

112 1025 160 1084 De
175 1025 286 1104 virgine
300 1027 390 1085 istac:
412 1027 452 1084 ita
466 1027 651 1085 conturbasti
667 1029 736 1084 mihi

113 1105 255 1164 Rationes
270 1107 383 1175 omnes,‘
396 1114 429 1163 ut
439 1125 504 1165 earn
519 1127 577 1164 non
592 1106 700 1184 possim
716 1107 786 1176 suis,
1075 1112 1119 1165 30

112 1185 159 1244 lta
174 1194 207 1244 ut
222 1205 338 1262 aequum
353 1184 459 1256 fuerat,
473 1196 563 1262 atque
579 1195 611 1244 ut
623 1186 731 1254 studui,
746 1184 880 1255 tradem

111 1263 296 1325 Ul'aolidum
311 1272 442 1344 parerem
457 1266 514 1324 hoc
527 1267 596 1323 milri
611 1265 795 1335 beneficium,
812 1267 943 1324 Chaerea.
992 1299 998 1312 ·
1014 1306 1020 1314 «

117 1343 171 1404 Clt.
192 1348 232 1404 At
243 1365 321 1404 nuno
334 1345 442 1405 dehinc
456 1365 542 1422 spero
556 1357 694 1405 aetcruaur
709 1347 852 1406 internos
866 1343 987 1421 gratiam

113 1423 198 1497 Fore,
212 1425 322 1486 Thais:
345 1445 424 1504 aaepe
438 1446 473 1484 ex
489 1426 658 1501 hujusmodi
673 1446 702 1485 re
715 1425 863 1504 quapiam,
877 1434 907 1483 et

114 1501 195 1564 Malo
209 1505 365 1583 principio,
381 1526 485 1580 magna
501 1507 679 1564 familiaritas

116 1583 252 1644 Conflata
266 1596 330 1644 est:
354 1585 424 1662 quid
441 1585 464 1640 si
477 1585 534 1642 hoc
550 1584 694 1660 quispiam
711 1584 801 1642 voluit
815 1583 920 1655 ituri

118 1663 174 1724 lu.
194 1663 338 1740 Equidem
350 1663 401 1738 pol
413 1663 440 1718 in
456 1682 519 1720 eam
535 1673 647 1738 partem
661 1663 847 1740 accipioque,
861 1671 891 1720 et
904 1662 982 1721 volo.

119 1741 174 1802 ct.
196 1743 290 1800 Immo
303 1741 344 1799 ita
358 1760 470 1818 quaeso.
513 1743 609 1800 Unum
625 1744 682 1800 hoc
695 1744 789 1811 acito;
812 1741 996 1804 contumeliae

117 1821 187 1880 Non
199 1840 245 1880 me
259 1819 364 1879 fecisse
377 1820 475 1892 causi,
491 1822 541 1878 sed
557 1823 673 1879 amoris.
718 1823 772 1880 Th.
794 1823 865 1882 Scio
878 1842 887 1891 3

116 1899 157 1958 Et
168 1899 220 1976 pol
234 1909 388 1976 propterea
401 1918 485 1976 mage
495 1920 572 1959 nuuc
587 1901 704 1976 ignosco
719 1900 781 1958 tibi.
1081 1909 1121 1960 40

117 1977 189 2038 Nou
202 1977 277 2038 adei
289 1979 446 2038 inhumano
460 1981 573 2058 ingenio
587 1999 662 2050 sum,
678 1981 809 2049 Chaerea,

119 2057 226 2136 Neque
238 2058 280 2118 ita
293 2059 437 2137 imperita,
453 2069 494 2128 ut,
512 2060 581 2135 quid
597 2079 678 2117 amor
689 2060 794 2128 valeat,
808 2058 947 2118 nesciam.

123 2136 178 2197 Clt.
196 2139 240 2198 Te
255 2158 374 2216 quoque
383 2139 456 2214 jam,
470 2140 572 2209 Thais,
587 2139 627 2194 ita
642 2157 687 2196 me
703 2138 742 2195 Dl
754 2139 828 2197 bene
842 2147 951 2208 ament,
966 2156 1045 2197 emo.

121 2217 187 2296 Py.
207 2218 283 2276 Tum
298 2218 349 2296 pol
364 2219 415 2277 tibi
429 2219 466 2276 ab
482 2217 567 2286 istoc,
583 2218 662 2286 hera,
678 2217 839 2276 cavendum
853 2217 996 2294 intelligo.

102 2296 177 2358 ct.
199 2297 269 2358 Nou
295 2298 401 2364 ausim.
444 2299 508 2376 Py.
530 2297 612 2356 Nilril
638 2297 691 2356 tibi
720 2297 881 2375 quidquam
909 2296 1011 2358 credo.
1066 2296 1121 2356 Tu.

241 2377 379 2438 Desiaas.
642 2399 644 2404 ’

100 2477 108 2488 ’
125 2457 178 2519 ct.
199 2458 287 2516 Nunc
300 2477 355 2534 ego
371 2468 399 2516 te
410 2456 438 2516 iu
455 2457 511 2517 hac
525 2477 557 2517 re
571 2457 640 2516 milri
655 2477 706 2517 oro
721 2468 754 2517 ut
768 2457 897 2533 adjutrix
910 2455 977 2516 sies.
1178 2433 1183 2659 ι

121 2537 189 2614 Ego
203 2555 249 2595 me
263 2547 322 2596 tuae
335 2539 511 2595 commendo
524 2547 554 2594 et
569 2539 723 2595 committo
737 2536 817 2594 fidei.

120 2615 166 2675 Te
180 2615 251 2690 milri
262 2623 413 2692 patronam
429 2616 527 2691 cupio,
542 2616 652 2684 Thais:
673 2620 704 2673 le
717 2616 856 2678 obsecro:

120 2694 264 2765 Emoriar,
276 2696 299 2753 ai
315 2713 372 2752 non
388 2695 463 2752 hano
476 2713 594 2752 uxorem
610 2695 732 2754 duxero.

125 2775 179 2838 ΊῚι.
200 2776 313 2836 Tamen
338 2775 361 2831 si
390 2783 565 2850 pater-m.
618 2774 672 2834 Cli.
693 2773 798 2843 Quidl
829 2775 887 2834 ah!
922 2773 1010 2845 volet,
1039 2772 1119 2835 certo

242 2855 323 2924 κοῖος
1081 2858 1119 2911 50

124 2935 204 2996 Civis
217 2935 306 2994 modo
320 2934 383 2992 lucc
397 2934 444 3008 sit.
488 2934 543 2992 ΤΙι.
560 2933 710 2992 Paululum
726 2933 887 3012 opperirier

124 3017 156 3076 Si
171 3015 225 3085 via,
233 3016 297 3091 jam
312 3015 402 3074 frater
413 3014 475 3091 ipsa
489 3015 538 3073 hlc
553 3013 647 3072 aderit
660 3015 792 3092 virginis:

123 3094 279 3154 Nutricem
292 3094 464 3152 arcessitum
479 3095 522 3163 iit,
539 3113 605 3172 quae
617 3095 695 3152 illam
711 3095 781 3152 aluit
794 3093 954 3172 parvolam.

123 3174 159 3232 ln
175 3173 382 3250 cognoscendo
396 3183 460 3232 tute
473 3175 534 3250 ipse
549 3173 655 3242 aderis,
670 3175 803 3233 Chaerea.

127 3253 181 3318 cu.
202 3254 266 3329 Ego
280 3253 349 3312 vero
364 3272 477 3312 araneo.
523 3253 575 3312 Tu.
590 3255 656 3311 Viu'
670 3254 789 3322 interea,
805 3250 874 3310 dum
890 3252 914 3310 ia
928 3249 1020 3322 venit,

125 3333 216 3392 Domi
226 3333 412 3410 opperiamur
427 3332 534 3407 potius,
550 3331 635 3408 quim
652 3332 701 3391 hlo
715 3343 783 3391 ante
797 3330 929 3390 ostium‘l

127 3412 181 3482 cu.
201 3413 297 3470 Immo
311 3412 460 3488 percupio.
483 3413 546 3490 Py.
563 3414 658 3480 Quam
674 3422 706 3470 tu
721 3421 907 3481 remaclum,
923 3410 1056 3478 obsecro,
1069 3407 1119 3467 etl

126 3492 182 3560 ru.
203 3493 281 3576 Nam
295 3492 367 3568 quid
378 3492 439 3552 lut
461 3491 524 3571 Py.
541 3492 685 3571 Rogitaal
705 3492 784 3552 huuc
799 3500 831 3552 tu
842 3492 872 3550 in
888 3491 977 3551 aedeir
991 3488 1101 3568 cogitaa
