2404 4038
119 275 176 330 1⁵0
519 263 710 324 ADELPHI.

116 421 210 480 Senex
224 417 359 479 deliram.
400 419 480 496 Ipse,
496 417 520 476 ei
534 417 646 494 cupiet,
659 415 742 476 Salus

117 501 236 561 Servare
251 517 371 580 prorsus
384 518 442 558 nnn
457 507 554 578 puteat
570 498 647 558 haue
660 495 808 557 familiam.

412 727 547 789 uerus
569 711 614 786 νζ
648 727 775 788 scurm
798 725 822 784 1.

462 888 593 947 Surus.
635 886 780 944 Daune.

122 1043 175 1120 Sy.
189 1042 355 1112 AEnlreon,
372 1040 495 1121 Syrisce,
510 1051 540 1100 te
555 1039 664 1100 eurdsli
679 1037 816 1108 molliter,

32 1129 36 1138 ’
120 1121 273 1197 Lauteque
289 1121 620 1181 munusadminisrrlsti
633 1129 727 1179 tuum.

120 1199 200 1260 Abi!
223 1200 286 1272 sed,
301 1213 457 1279 postquam
470 1201 547 1260 inrue
561 1221 625 1260 eurn
640 1198 769 1258 numium
782 1217 877 1257 rerum
893 1210 985 1266 satur,

120 1279 369 1340 Prodeambulare
384 1281 442 1340 hun
453 1282 567 1340 lihitum
581 1290 637 1340 est.
680 1279 739 1338 De.
756 1278 831 1336 lllud
847 1277 886 1336 sis
901 1277 968 1336 vide

119 1357 295 1439 Exemplum
310 1361 486 1439 disciplinae!
510 1362 563 1439 Sy.
579 1363 656 1419 Eece
670 1369 768 1418 autern
785 1359 833 1416 lrlc
848 1357 930 1416 adest

122 1441 217 1500 Senex
232 1450 349 1503 noster:
372 1443 442 1520 quid
457 1440 514 1510 frti
536 1443 605 1517 quid
623 1451 654 1498 lu
671 1459 701 1498 es
716 1439 831 1498 tristisl
851 1437 909 1496 De.
922 1436 990 1498 Olrl
1004 1438 1117 1498 snelurl

124 1519 176 1598 Sy.
192 1521 276 1580 Ohei
293 1522 377 1598 jam:
403 1532 434 1580 ru
451 1523 538 1582 verbe
553 1521 652 1580 lundis
667 1518 716 1576 hle
731 1517 894 1594 sapientiai

123 1601 183 1660 Da.
197 1601 297 1660 Tun'l
317 1601 341 1659 si
356 1621 438 1661 rneus
453 1621 541 1660 esses.
585 1600 636 1676 Sy·
654 1597 706 1656 Die
722 1599 841 1675 quidem
856 1613 946 1668 esses,
964 1598 1088 1667 Demea,

121 1684 169 1740 Ac
184 1689 262 1738 tuam
277 1700 338 1738 reru
354 1681 584 1739 constabillsser.
627 1679 685 1737 De.
701 1678 876 1753 Exemplum
891 1678 1028 1736 omnibus

123 1759 263 1818 Curarem
292 1768 324 1817 ut
356 1779 443 1818 esses.
498 1759 551 1836 Sy.
573 1757 799 1826 Quamobremi
835 1755 906 1836 quid
934 1757 1015 1818 fecii
1060 1760 1117 1819 De.

246 1839 292 1895 Ru
313 1840 365 1899 asi

125 1918 158 1976 ln
172 1916 237 1996 ipsd
252 1859 348 1989 turim,
363 1925 452 1996 atque
467 1917 495 1976 iu
510 1925 637 1995 peccato
652 1935 799 1987 maxumo,

125 1996 214 2066 Quod
230 1997 276 2068 riu
292 1997 423 2058 sedatum
439 1999 508 2056 saris
522 2007 576 2070 est,
593 1996 712 2074 polisti,
726 1995 841 2056 sneluel

126 2077 219 2153 Quasi
233 2096 264 2138 re
279 2078 353 2140 bene
368 2078 462 2158 gestu,
502 2077 555 2157 Sy.
571 2078 645 2138 Sane
660 2077 766 2136 nollern
782 2077 839 2136 hue
853 2074 976 2136 exitum.

538 2311 670 2373 semu
691 2287 732 2370 11'.
768 2337 770 2341 ψ

374 2469 522 2550 Dromo,
562 2469 690 2528 Surus.
733 2468 875 2526 Danau.

130 2619 193 2680 Dr.
209 2617 328 2678 Hans!
351 2619 442 2696 Syre:
464 2629 546 2698 rogat
561 2629 590 2679 le
604 2580 758 2701 Ctealplro,
776 2633 808 2682 ut
820 2575 933 2682 redeas.
978 2623 1030 2701 Sy.
1043 2624 1113 2684 Abi.

129 2701 190 2761 De.
205 2698 287 2767 Quid
302 2697 508 2775 Ctesiphonem
523 2699 572 2758 hic
588 2705 710 2762 narrutl
747 2701 799 2780 Sy.
820 2702 911 2763 Nihil.
952 2705 1012 2764 De.
1042 2703 1122 2764 nuo!

128 2863 179 2920 ant
194 2777 448 2938 ctellplldllrllsr
477 2858 530 2938 Sy.
552 2859 622 2920 Non
636 2872 692 2921 err.
733 2862 792 2922 De·
807 2862 869 2922 Cur
884 2841 932 2922 lrie
947 2863 1103 2923 nominari
1122 2868 1125 2873 ’

130 2939 183 3020 Sy.
198 2941 250 3000 Est
264 2941 335 3000 alins
349 2939 481 3018 quidam,
499 2943 686 3016 parasitaster
700 2941 855 3018 parvolus:

129 3020 451 3158 Nostin'Q'sseingnm
466 3021 558 3081 scibo.
601 3020 653 3100 Sy.
669 3023 748 3090 Quid
764 3019 847 3099 agial
868 3021 928 3100 qud
942 3022 1026 3083 abiel
1068 3023 1123 3085 De.

131 3179 186 3258 Sy.
198 3179 279 3250 Noli,
288 3121 427 3256 ¹inquarrl.
462 3180 521 3240 De.
535 3181 605 3240 Non
618 3201 734 3242 manum
748 3180 886 3251 abstines,
897 3182 1055 3260 mastigiel

132 3262 180 3320 Au
194 3260 247 3318 ribi
258 3260 323 3334 jarn
340 3259 431 3317 mavis
445 3260 596 3320 cerebrum
612 3260 738 3338 dispergi
753 3259 825 3320 hlei
859 3261 912 3340 Su.
926 3262 1009 3323 Abit.

13 3357 17 3366 ’
131 3339 256 3420 AEdepol
270 3339 516 3397 commissatorem
533 3341 608 3398 lraud
625 3343 696 3400 sane
715 3341 915 3412 commodum,

131 3419 296 3482 Praesertinr
313 3418 509 3496 Ctesiphoni:
534 3419 604 3496 quid
618 3440 674 3497 ego
689 3438 768 3479 nune
782 3421 891 3498 nganrl

131 3501 213 3572 Nisi,
227 3499 298 3558 dum
314 3499 359 3557 lrae
372 3497 513 3556 silescunt
527 3501 633 3570 rurbae,
649 3501 760 3561 interea
774 3499 803 3558 in
816 3501 955 3578 angulum
1095 3508 1126 3561 10

134 3578 245 3660 Aliqud
259 3579 373 3654 abeam,
388 3571 477 3656 nque
490 3577 685 3642 edormiscam
700 3582 758 3641 hue
773 3579 848 3642 villi:
863 3580 904 3642 eie
915 3600 1010 3660 agam.
