2402 4036
521 219 698 280 HECYRA.

396 449 528 512 ACTUS
548 449 605 512 111.
646 451 778 512 SCENA
798 450 824 512 Ι.

246 602 474 666 Paururnus.
514 605 709 666 Pnannno.
751 607 974 666 Manatum.
1049 637 1051 642 ·

111 758 201 818 Pam.
214 755 358 818 NEM1N1
369 779 424 838 ego
437 760 522 838 plura
534 759 643 822 acerba
653 781 718 822 esse
731 759 820 820 credo
834 779 870 818 ex
885 777 981 818 amore
995 757 1111 818 bomini

232 857 372 915 umquam
387 841 499 910 oblata,

110 915 208 988 Quam
231 918 320 976 anibi:
342 919 398 980 heu
422 940 468 980 me
489 919 654 980 infelicem!
678 919 817 982 hanccine
837 938 892 996 ego
917 919 1003 979 vitam
1027 917 1109 996 parsi

108 997 407 1154 flacciniiiiriieigo
420 1097 498 1138 eram
514 1088 668 1158 tantopere
680 1079 806 1158 cupidus
817 1077 957 1138 redeundi
971 1077 1106 1150 domum,

109 1156 164 1215 Cui
180 1165 290 1234 quanto
306 1156 401 1217 fuerat
415 1159 620 1236 praestabilius,
632 1160 727 1219 ubivis
740 1159 868 1237 gentium
879 1178 963 1234 agere
977 1165 1106 1226 aetatem,

110 1235 205 1306 Quam
221 1236 280 1294 huc
302 1238 415 1298 rediret
435 1248 524 1318 atque
546 1240 610 1299 haec
633 1240 675 1299 ita
695 1259 771 1311 esse,
794 1241 930 1298 miserum
951 1257 998 1296 me
1017 1237 1109 1298 resci-

110 1395 187 1454 Nam
203 1319 377 1469 ndidiinies,
393 1397 500 1476 quibus
515 1409 559 1459 est
574 1397 709 1458 alicunde
723 1398 827 1476 aliquis
842 1399 978 1475 objectus
993 1374 1091 1466 labos,

111 1476 207 1534 Omne
222 1479 302 1613 <pund
318 1488 361 1538 est
382 1477 491 1540 interea
507 1490 635 1558 tempus,
651 1478 733 1558 pride
747 1478 835 1557 quam
853 1479 882 1538 id
898 1477 1033 1537 rescitum
1049 1486 1106 1548 est,

110 1636 188 1695 Par.
201 1569 407 1708 Atusiiocidds,
423 1638 474 1714 qul
490 1648 517 1696 te
528 1637 668 1714 expedias
684 1637 729 1698 bis
744 1637 891 1708 aerumnis,
906 1636 1043 1715 reperies.

110 1717 143 1774 Si
158 1735 214 1774 non
231 1717 367 1787 redisses,
384 1718 429 1775 hae
444 1719 493 1775 irae
508 1717 595 1776 factae
610 1727 709 1776 essent
724 1719 815 1776 multo
830 1717 985 1794 ampliores
994 1737 1003 1784 ;

111 1795 168 1854 Sed
195 1813 274 1852 nuuc
297 1796 456 1856 adventum
481 1806 564 1878 tuum
591 1797 704 1868 ambus,
729 1797 893 1874 Pamphile,
916 1798 978 1856 scio
1001 1796 1110 1856 reveri·

111 1955 182 2013 Rem
198 1885 369 2030 colguridides,
384 1955 456 2014 iram
472 1955 629 2036 expediam
651 1976 764 2016 rursum
778 1957 806 2015 in
822 1955 944 2034 gratiam
960 1885 1108 2014 restitudso.

110 2033 199 2092 Levia
220 2046 289 2094 sunt
312 2037 385 2107 baeu,
404 2056 470 2114 quae
492 2046 524 2095 tu
544 2038 695 2115 pergravia
714 2057 780 2097 esse
800 2038 829 2095 in
850 2036 977 2096 animum
992 2031 1109 2094 inddxti

112 2195 200 2254 Pam.
216 2124 465 2333 (iirideonsolaqre
479 2193 547 2255 mei
567 2213 604 2254 an
619 2194 771 2273 quisquam
784 2215 906 2274 usquam
918 2195 1049 2274 gentium
1060 2204 1110 2255 est

111 2351 195 2430 Prihs
210 2294 299 2492 qpaedidi
312 2293 523 2416 hdiideiniorem
536 2355 618 2428 duxi,
633 2331 777 2415 habebam
792 2354 863 2414 alibi
873 2353 999 2414 animum
1014 2353 1108 2414 amori

110 2515 175 2574 Jarn
192 2514 220 2572 in
236 2437 392 2606 biiiiiinrit
403 2525 528 2588 taceam,
540 2515 633 2576 cuivis
645 2513 731 2575 facile
742 2513 816 2574 scitu
830 2523 886 2584 est,
901 2512 987 2590 quam
1002 2511 1108 2572 fuerim

109 2671 219 2754 Tamen
232 2612 394 2808 ¹ririipjiqiram
417 2637 504 2731 ausus
525 2693 589 2732 sum
611 2692 744 2732 recusare
765 2692 841 2743 eam,
864 2692 951 2750 quarn
965 2671 1036 2730 mihi
1049 2672 1106 2731 ob-

111 2831 168 2892 Vix
183 2763 323 2890 metiliinb¹
337 2761 475 2903 iiiiiixi,
497 2838 587 2910 atque
609 2832 781 2912 impeditum
796 2834 824 2892 in
844 2833 878 2892 ed
892 2831 1029 2910 expedivi
1043 2833 1109 2891 aui·

112 2931 311 3070 Vinqneniiiibl
328 2933 537 3062 'diditileram
560 2991 645 3052 bern!
668 3012 742 3054 nora
755 3011 799 3052 res
813 3001 877 3050 orta
896 2992 942 3063 ht,
965 3009 1052 3070 porro
1067 2992 1109 3052 ab

233 3073 288 3130 hac
303 3091 370 3149 quae
386 3092 431 3130 me
444 3073 605 3132 abstrahat.

111 3149 189 3208 'l'um
206 3161 378 3291 mpppeiprropr
391 3153 424 3212 eh
438 3172 469 3212 re
484 3173 541 3224 me,
564 3161 616 3212 aut
631 3171 760 3224 uxorem,
775 3151 804 3210 in
818 3149 906 3228 culph
920 3149 1106 3210 inventurum

112 3309 199 3380 erod
215 3311 360 3403 itaquum
376 3331 440 3371 esse
454 3311 601 3384 invenero,
616 3310 686 3390 quid
701 3319 799 3382 restat,
818 3310 874 3370 nisi
888 3328 977 3388 porro
993 3318 1026 3369 ut
1039 3307 1109 3368 liam

111 3471 188 3530 Nam
205 3392 392 3528 mprpipftm
411 3468 531 3545 injurias
547 3491 603 3542 me,
620 3472 772 3540 Parmeno,
786 3469 882 3548 pietus
890 3468 989 3543 jubet.
1069 3397 1110 3450 20

112 3551 186 3610 Turn
203 3551 285 3610 uxori
301 3550 443 3609 obnoxius
462 3570 544 3621 suar:
565 3551 605 3612 ita
627 3551 696 3610 'olim
711 3570 765 3611 suo
781 3569 827 3610 me
842 3549 959 3630 ingenio
974 3547 1110 3628 pertulit:
