2404 4038
103 255 161 310 140
390 251 394 256 ’
509 245 698 308 ADELPHI.

99 399 217 462 Fuimus
228 421 237 471 ς
260 406 463 480 paupertatem
480 398 536 458 una
550 399 725 478 pertulimus
740 414 867 475 gravem.
1055 400 1094 454 ,50
1175 440 1177 442 .

100 481 290 559 Quapropter
301 481 405 552 enitar,
417 480 534 551 faciam,
549 480 701 558 experiar:
723 478 851 555 denique

97 561 235 620 Animam
250 561 410 638 relinquam
424 560 534 639 potius,
550 559 638 639 qudm
652 559 719 618 illas
733 557 877 618 deseram.
1040 631 1044 637 ἡ

69 685 74 708 .
96 637 177 710 Quid
193 640 262 700 mihi
277 641 459 720 respondeat
501 642 561 702 Dc.
577 642 707 700 Fratrem
721 637 903 706 conveniam,
920 633 1035 714 Hegio:

98 721 140 790 Is,
155 721 235 800 quod
249 721 321 780 mihi
335 721 374 780 de
388 721 442 780 hac
455 739 487 780 re
501 720 616 780 dederit
630 719 798 790 consilium,
811 717 840 776 id
856 733 971 794 sequar.

100 801 158 861 He.
173 800 243 870 Sed,
258 803 381 874 Demea,
397 801 454 860 hoc
467 810 500 860 tu
514 800 614 872 facito,
627 819 694 860 cum
708 799 807 860 auimo
820 797 942 873 cogites,

99 879 198 950 Quam
213 899 268 940 vos
282 882 421 941 facillime
429 882 516 958 agitis
530 900 539 948 ς
562 880 650 958 quam
665 880 734 940 estis
750 878 886 938 maxume

99 963 248 1032 Potentes,
262 961 347 1032 dites,
361 960 513 1030 fortunati,
528 961 662 1028 nobiles;

98 1042 171 1100 Tam
185 1043 323 1100 maxume
337 1060 389 1100 vos
404 1060 490 1118 aequo
503 1041 601 1100 animo
612 1059 699 1118 aequa
709 1057 832 1099 noscere

98 1121 236 1198 Oportet,
250 1121 274 1179 si
289 1140 341 1180 voa
356 1121 443 1180 voltis
457 1121 604 1200 perhiberi
617 1119 736 1199 probos.

98 1201 160 1263 De.
174 1200 298 1261 Redito:
320 1199 402 1275 frent,
418 1221 486 1280 quae
502 1200 564 1261 fieri
578 1220 696 1279 aequum
710 1201 758 1270 'st‚
774 1195 883 1258 omnia.
1060 1194 1099 1254 60
1193 1153 1194 1208 i

99 1281 158 1340 He.
173 1283 270 1342 Decet
283 1291 314 1342 te
327 1280 435 1342 facere.
478 1284 567 1357 Geta,
582 1283 642 1342 duc
657 1301 702 1340 me
717 1278 793 1338 iutrd
807 1277 845 1336 ad
861 1279 1033 1337 Sostratam.

98 1361 160 1422 De.
173 1363 243 1420 Non
258 1382 303 1422 me
316 1361 465 1422 indicente
477 1363 541 1423 haec
556 1363 641 1422 fiunt.
683 1362 802 1421 Utinam
813 1359 870 1417 hoc
884 1358 921 1418 sit
930 1357 1019 1417 modo

99 1439 281 1502 Defunctum
292 1442 300 1502 i
323 1443 422 1502 verum
434 1443 523 1502 nimia
536 1443 610 1503 illaec
623 1443 741 1502 licentia

98 1521 238 1583 Profecto
252 1525 357 1582 evadet
370 1524 398 1582 in
410 1523 530 1600 aliquod
544 1543 682 1600 magnum
698 1521 817 1581 mulum.

100 1602 167 1673 lbo,
181 1622 216 1664 ac
229 1604 376 1698 requiram
389 1602 520 1676 fratrem,
537 1612 569 1662 ut
582 1604 612 1662 in
622 1621 690 1663 eum
701 1602 766 1661 haec
780 1618 923 1661 evomam.

500 1833 632 1896 SCENA
658 1834 696 1892 V.

527 1995 659 2053 anro.

101 2140 204 2198 Bono
219 2138 315 2200 animo
325 2139 377 2201 'fac
392 2138 441 2214 sis,
456 2143 606 2212 Sostrata;
627 2150 658 2202 et
670 2141 768 2214 istam,
783 2139 865 2218 quod
880 2149 978 2220 potes,

99 2219 158 2279 Fac
171 2221 332 2281 consulere.
372 2222 435 2300 Ego
451 2223 621 2294 Micionem,
633 2221 657 2281 si
667 2223 747 2300 apud
761 2221 859 2281 forum
874 2222 921 2296 'st,
942 2217 951 2236 ⁸

98 2301 296 2370 Conveniam
318 2311 417 2380 atque,
432 2312 464 2362 ut
478 2323 522 2362 res
535 2313 618 2382 'gesta
630 2313 686 2378 est,
700 2303 828 2366 narrabo
842 2301 954 2362 ordine.

98 2379 129 2439 Si
144 2391 199 2452 eat,
212 2381 345 2443 facturus
360 2391 394 2442 ut
407 2382 444 2442 sit
458 2381 586 2444 officium
600 2404 695 2457 suum,

18 2496 28 2514 .
101 2461 222 2522 Faciat:
245 2462 287 2521 sin
300 2463 383 2524 aliter
394 2463 432 2523 de
447 2465 502 2523 hac
516 2484 548 2524 re
559 2473 605 2525 est
616 2466 681 2540 ejus
696 2462 850 2536 sententia,

99 2541 292 2618 Respondeat
305 2543 376 2602 mihi
385 2565 394 2613 ;
418 2552 460 2616 ut,
475 2545 546 2623 quid
562 2565 658 2623 agam,
673 2545 888 2624 quamprimum
902 2543 1004 2605 sciam.

388 2795 519 2857 ACTUS
541 2798 593 2858 lv„
633 2798 765 2861 SCENA
786 2801 811 2860 1.

406 2944 603 3006 crasmaro.
646 2948 776 3009 Srraus.

103 3095 150 3156 Cr.
173 3098 254 3158 Ana'
272 3111 386 3178 patrem
415 3103 482 3164 hino
497 3105 596 3166 abisse
616 3107 689 3168 ruat
731 3107 783 3184 Sy.
804 3107 1007 3168 Iamdudum.
1051 3107 1099 3166 Gt.

222 3179 280 3239 Dic
294 3181 395 3242 sodes.
437 3183 490 3262 Sy.
511 3186 601 3264 Apud

100 3255 204 3315 Villam
218 3270 281 3320 est:
304 3279 383 3322 nunc
403 3283 472 3324 cum
488 3269 623 3328 maxume
643 3266 739 3345 operis
760 3266 870 3346 aliquid
886 3266 983 3330 secere
997 3268 1097 3328 credo.
1193 3347 1194 3370 ἢ

223 3339 271 3400 ct.
286 3339 404 3402 Utinam
438 3344 546 3418 uidem,

100 3415 191 3486 Quod
207 3437 273 3479 cum
289 3421 383 3483 salute
396 3444 461 3501 eJus
474 3424 537 3499 fiat,
553 3425 637 3486 irase
652 3425 831 3506 defatigarit,
843 3427 944 3501 velim,

100 3497 142 3558 Ut
156 3499 254 3562 triduo
267 3500 324 3564 hcc
339 3513 487 3586 perpetuo
501 3525 636 3586 prorsum
651 3508 760 3576 electo
772 3517 897 3588 nequeat
909 3522 1039 3588 surgere.
