2404 4038
40 323 48 334 Ι
93 257 149 308 nr
323 237 849 309 nnnurourruonuunuos.
891 329 893 333 Ι

449 455 451 460 ’
493 469 625 533 sunus
652 467 693 531 11.

158 643 348 704 Cnrrrrno.
389 635 636 695 Mnunorrrus.
661 633 868 713 xcrrrrnrerrs.
909 633 1040 693 Srnus.

101 793 146 852 Cl.
161 794 275 853 lrunu
290 791 422 864 taudem,
435 813 550 872 quaeso,
565 793 750 868 Menedemo,
767 802 800 857 ut
812 801 896 872 puter

99 875 171 932 Tum
185 873 214 930 in
227 873 307 931 brevi
322 877 417 951 spatio
431 893 547 934 omnem
562 875 600 934 de
613 895 660 937 ure
674 875 795 951 ejecerit
808 875 937 934 unirnum
951 869 1065 949 putrisl

100 953 258 1044 Quoduuur
283 954 327 1092 cip
345 955 480 1015 facinus‘l
514 955 587 1032 quid
616 975 672 1034 ego
700 963 815 1014 tantum
845 954 963 1014 sceleris
993 950 1100 1010 admisi

219 1051 305 1090 mrser
617 1059 619 1064 ·

99 1109 194 1188 Volgo
215 1111 336 1251 zacinnt.
377 1113 442 1173 Me.
461 1111 541 1188 Scio,
565 1113 618 1175 tibi
637 1113 702 1175 es'se
723 1114 781 1174 hoc
802 1114 922 1192 gravius
937 1111 1040 1182 multo,
1061 1128 1099 1169 uc

242 1211 331 1262 unns,

102 1270 157 1332 Cui
170 1269 219 1340 fit;
241 1273 339 1330 verum
355 1293 410 1350 ego
424 1272 502 1333 houd
517 1273 612 1334 minus
622 1294 699 1351 aegre
714 1273 818 1351 potior,
833 1271 862 1330 id
878 1270 942 1350 qul,
952 1270 1078 1338 roescior

100 1351 167 1410 Nec
182 1351 322 1412 rationem
334 1355 430 1432 cupio,
445 1355 501 1421 uisi.
513 1355 593 1434 quod
610 1356 664 1416 tibi
678 1352 802 1413 benoex
816 1353 1020 1412 animorum:

104 1431 147 1490 ul.
163 1432 349 1510 Hic-patrem
364 1434 480 1494 adstare
495 1437 618 1496 aiebrsl
652 1436 716 1494 Me.
727 1435 850 1494 Eccum.
888 1429 1037 1500 CluQuid
1054 1449 1103 1494 ms

221 1513 348 1588 incusas,
363 1515 517 1592 cttrphor
730 1557 731 1560 ,
942 1555 946 1562 «

69 1661 77 1678 ο
102 1595 254 1673 Quidquid
269 1616 325 1674 ego
339 1595 428 1672 hujus
442 1593 510 1666 feci,
524 1593 580 1652 tibi
590 1593 739 1670 prospexi,
753 1600 785 1652 et
799 1593 934 1653 stultitius
948 1601 1018 1666 rure,

103 1677 162 1737 Ubi
177 1685 206 1739 te
221 1675 280 1732 vidi
295 1674 392 1732 animo
404 1693 465 1732 esse
480 1675 600 1744 omisso,
613 1682 654 1745 et,
668 1673 768 1730 suavia
782 1672 983 1752 inpraesentid

104 1758 180 1824 Quae
202 1763 305 1822 esseut,
329 1753 422 1830 prirua
443 1753 560 1826 habere,
585 1772 682 1830 neque
706 1753 858 1813 consulere
886 1754 916 1812 in
941 1749 1104 1830 longitudi-

224 1853 310 1900 neur;
710 1835 711 1842 ’
851 1873 854 1877 -
1066 1841 1105 1892 10

106 1911 181 1990 Cepi
194 1913 347 1982 rationem,
358 1921 491 1992 utusque
505 1931 614 1988 egeres,
627 1931 725 1990 neque
735 1923 768 1973 ut
778 1914 842 1974 haec
855 1931 958 1992 posses
969 1911 1105 1990 perdere.

106 1995 178 2064 Ubi,
193 1993 241 2051 cui
254 1993 355 2052 decuit
366 1995 471 2072 prirno,
483 1993 537 2052 tibi
553 2013 611 2052 non
625 1993 709 2052 licuit
722 2003 818 2072 perte
832 1993 903 2053 milri
918 1992 1001 2061 dare,

105 2073 175 2133 Abii
189 2073 226 2132 ad
239 2073 464 2151 proximos,qui
477 2084 557 2133 erant
573 2073 647 2144 tibi;
669 2073 714 2131 eis
730 2074 873 2144 commisi,
887 2083 917 2132 et
931 2071 1062 2132 credidi:

107 2154 155 2213 lbi
171 2164 229 2212 ture
245 2153 375 2213 stultitiae
390 2173 507 2232 semper
520 2153 574 2213 erit
588 2152 766 2230 praesidium,
781 2153 932 2232 Clitipho:

107 2233 221 2303 Victus,
237 2235 370 2306 vestitus,
386 2253 447 2312 quo
461 2235 490 2292 in
504 2241 614 2294 tectum
631 2241 660 2292 te
674 2242 821 2310 receptes.
866 2233 910 2294 Cl.
925 2231 982 2291 Hei
995 2229 1085 2290 milri!

108 2314 163 2374 cn.
173 2315 269 2375 Satius
278 2324 334 2388 est,
345 2315 433 2391 quum
447 2316 552 2393 teipso
564 2311 669 2373 herede
679 2315 743 2374 lraec
752 2313 902 2392 possidere
914 2312 1107 2372 Bacchidem.

109 2393 162 2471 Sp.
178 2395 321 2472 Disperii!
343 2396 486 2455 scelestus
501 2404 624 2472 quantus
638 2395 739 2453 turbas
754 2393 868 2454 concivi
882 2393 1024 2452 insciens!

112 2476 155 2534 CI.
170 2475 269 2532 Emori
288 2476 388 2552 cupio.
433 2475 485 2536 ct.
499 2475 594 2548 Prius,
611 2493 721 2552 quaeso,
742 2475 833 2545 disce,
850 2473 921 2552 quid
937 2473 976 2532 sit
989 2472 1107 2531 vivere:

109 2556 170 2613 Ubi
184 2555 266 2622 scies,
282 2553 307 2610 si
320 2555 488 2632 displicebit
503 2555 572 2624 vite,
586 2564 648 2616 tum
663 2553 739 2612 istuc
753 2556 851 2614 utitor.
1020 2553 1024 2557 ’

111 2633 164 2710 Sy.
180 2635 268 2702 llere,
282 2632 409 2692 licetnel
456 2633 508 2693 Gt.
529 2635 673 2710 Loquere.
715 2632 767 2711 Sy.
790 2634 936 2696 Atturot
980 2633 1109 2694 cuto-

232 2731 332 2790 quere.
367 2713 418 2792 Sy.
439 2713 785 2790 Quaeista'stpravites,
1069 2720 1111 2772 20

113 2796 224 2864 Quaeve
236 2793 363 2853 umentia
376 2803 431 2865 est,
448 2793 528 2871 quod
542 2794 664 2872 peccori
677 2813 747 2872 ego,
759 2793 789 2852 id
804 2794 910 2855 obesse
923 2793 1013 2854 huicl
1056 2793 1112 2852 cu.

83 2877 87 2884 ’
208 2874 329 2934 ilicet.
402 2895 404 2900 ’
1025 2891 1029 2900 ·

112 2956 160 3013 Ne
175 2962 204 3014 te
218 2953 369 3015 admisce:
392 2973 478 3012 nemo
493 2962 625 3026 accusat,
641 2955 725 3032 Syre,
741 2963 786 3024 ter
808 2975 862 3014 nec
877 2965 906 3014 ru
921 2973 999 3013 uram
1012 2953 1077 3021 tibi,

113 3036 178 3116 Nec
203 3045 385 3112 precatorem
410 3035 530 3112 perdris.
574 3033 626 3110 Sy.
647 3036 726 3104 Quid
741 3036 826 3114 egisl
869 3035 922 3095 ct.
943 3033 1025 3094 Nilril
1042 3051 1112 3092 suc·

231 3133 350 3186 censeo,
642 3149 644 3152 -

113 3194 179 3252 Nee
194 3193 258 3262 libi,
273 3214 330 3254 uec
345 3194 434 3254 huic:
457 3213 512 3254 uec
526 3213 578 3254 vos
592 3203 637 3252 est
649 3213 776 3271 aequonr,
792 3195 871 3273 quod
887 3194 974 3263 lucio,
989 3193 1069 3251 milri.

116 3273 167 3352 Sp.
190 3273 398 3340 Abiitsvan!
427 3275 547 3352 rogdsse
570 3275 685 3334 vellem.
729 3275 773 3337 cl.
799 3275 900 3344 Quidl
950 3273 1002 3351 Sp.
1024 3271 1114 3332 Uude

179 3428 181 3435 .
234 3352 303 3412 milri
321 3365 450 3432 peterem
466 3355 587 3414 cibum:

111 3435 160 3492 lta
175 3451 229 3492 nos
242 3433 398 3495 elien'uvit:
421 3433 474 3493 tibi
483 3435 547 3510 jam
561 3453 625 3494 esse
639 3433 676 3493 ad
692 3453 821 3495 sororum
836 3435 976 3513 intelligo.
1032 3475 1034 3488 .

118 3514 161 3574 Οἱ.
184 3513 299 3653 Αάἑοιϋ
321 3535 381 3574 rem
402 3515 533 3586 rediisse,
558 3525 590 3574 ut
607 3515 768 3592 periculum
787 3516 874 3576 etium
890 3515 965 3574 sume
981 3511 1050 3572 mibi
1064 3509 1116 3580 sit,

256 3596 330 3673 yre'l
