2404 4038
97 215 138 278 60
479 211 710 274 EUNUCHUS.
757 207 760 214 ’
808 215 822 226 “

97 371 144 430 De
157 387 255 430 wrote
268 367 333 446 ejus
347 366 492 437 indicareJ
506 367 543 426 ad
558 385 623 426 eum
637 385 696 425 rem
712 374 826 442 tempus
841 383 899 424 uon
914 377 986 426 urat.

97 451 208 510 Invitat
221 449 330 510 tristis:
353 449 478 507 mansit:
499 446 540 505 ibi
553 446 601 506 illu
615 465 681 506 cum
697 445 747 504 illo
761 463 921 506 sermonem
936 447 1060 526 occipit.

97 530 186 590 Miles
201 528 269 588 veru
282 525 337 586 sibi
350 537 453 604 putare
467 526 629 586 adductum
642 537 711 584 aule
725 526 826 585 oculos
841 527 978 586 aemulum
992 548 1000 588 ε

98 610 198 670 Voluit
213 608 310 668 facere
324 616 426 667 contra
440 607 508 666 huic
524 607 612 685 πετὲ.
653 605 757 665 Heusl
779 605 884 683 iuquit,
905 625 988 684 puer,
1010 608 1096 668 Pum-

240 687 326 746 hilam
1047 697 1096 746 -10

99 708 276 836 Arcessel’ul
289 767 418 827 delectet
431 765 481 826 hle
496 785 561 825 nos.
585 765 640 824 Illa
650 764 803 835 exclamat,
815 764 931 826 minimi
945 765 1093 845 gentium!

97 851 132 908 ln
148 846 311 907 convivium
325 847 424 907 illumi
446 846 528 906 miles
541 846 681 904 tendere:
701 845 770 904 inde
783 845 820 903 ad
831 846 974 923 jurgium.

98 929 212 988 Interea
225 946 327 986 aurum
342 926 399 985 sibi
415 927 489 984 clam
505 925 608 984 mulier
621 923 730 994 demit;
752 925 802 983 dat
817 926 885 984 mili
909 936 941 984 ut
954 924 1094 986 auferam.
1174 987 1175 990 ,

99 1008 164 1068 Hoc
178 1017 222 1068 est
237 1007 331 1086 nigni5
354 1006 404 1066 ubi
417 1005 542 1085 primum
557 1005 677 1084 poterit,
693 1024 724 1064 se
736 1004 816 1064 illiue
827 1005 984 1079 subducet,
1000 1006 1073 1066 seio.

497 1238 628 1299 SCENA
659 1240 699 1299 11.

505 1395 694 1461 Pumnmu.

101 1551 185 1610 DUM
202 1570 250 1608 rus
264 1569 311 1619 eo,
327 1547 405 1624 coepi
419 1557 535 1623 egomet
550 1566 664 1606 mecum
681 1547 756 1606 iulet
771 1549 839 1619 vias,

101 1631 146 1688 lta
160 1639 192 1688 ut
206 1629 250 1698 lit,
266 1629 317 1686 ubi
331 1627 400 1703 quid
415 1626 443 1684 iu
458 1627 553 1684 animo
570 1637 616 1686 est
631 1627 780 1698 molestiae,

101 1709 195 1766 Alium
210 1726 270 1766 rem
285 1727 322 1764 ex
335 1705 390 1764 alil
404 1705 544 1780 cogitare,
560 1717 589 1764 et
602 1726 637 1768 ea
651 1708 750 1766 omuia
764 1709 793 1766 in

99 1787 232 1863 Pejorem
247 1796 370 1862 partem.
413 1785 492 1851 Quid
509 1805 586 1862 opus
600 1796 645 1845 est
660 1787 779 1848 verbisl
799 1787 869 1848 dum
890 1789 955 1849 luaec
970 1801 1057 1868 pulo,

100 1866 229 1927 Praelerii
243 1864 412 1942 imprudens
427 1863 523 1924 villam
539 1885 547 1925 z
570 1867 656 1944 longi
666 1867 730 1944 jam
745 1867 885 1940 abieram,

101 1947 177 2006 Cum
193 1945 288 2004 sensi:
310 1944 396 2003 redeo
411 1963 535 2016 rursum,
552 1947 626 2007 mali
641 1946 770 2006 verume
785 1948 905 2008 habeus.

99 2025 160 2084 Ubi
174 2024 322 2103 adipsum
338 2024 403 2082 veni
417 2023 632 2097 diverticulum,
645 2028 774 2085 constiti.

100 2105 214 2182 Occepi
230 2123 343 2164 mecum
357 2103 507 2178 cogitare:
531 2105 625 2162 Hem!
650 2106 769 2164 biduum
785 2107 833 2166 hic

100 2183 281 2256 Muuendum
295 2192 342 2242 est
355 2184 410 2241 soli
425 2183 486 2242 sine
501 2183 573 2242 illul
595 2184 665 2261 quid
684 2194 745 2242 lum
758 2187 882 2264 postea?

99 2264 183 2324 Nihil
197 2275 261 2323 est:
283 2263 378 2341 quidl
398 2262 489 2322 nilill
510 2263 609 2322 sinon
623 2265 762 2341 tangendi
776 2268 861 2343 copia
875 2269 921 2340 ’st,
1059 2280 1095 2330 10

99 2344 177 2416 Elm,
192 2364 228 2402 ue
242 2343 361 2402 videndi
377 2341 495 2420 quidem
510 2344 587 2404 eritl
608 2345 630 2402 si
644 2344 715 2404 illud
729 2347 881 2418 nonlicet,
989 2401 991 2406 .
1009 2405 1012 2412 .

100 2425 208 2482 Saltem
223 2424 280 2482 hoc
296 2421 406 2482 licebit.
449 2422 535 2482 Certi
547 2424 678 2482 extremi
691 2426 768 2484 linei

101 2505 208 2561 Amare
223 2501 300 2560 haud
315 2502 386 2558 nihil
401 2512 456 2559 est.
500 2503 606 2561 Villam
621 2513 763 2579 praetereu
777 2506 883 2566 sciens.

101 2583 159 2641 Sed
176 2581 245 2658 quid
262 2580 331 2649 hoc,
347 2580 425 2656 quud
442 2579 543 2638 timida
558 2581 657 2640 subiti
671 2584 819 2659 egredilur
833 2586 974 2664 Pythias?

497 2805 629 2867 SCENA
651 2807 706 2870 ΙΙΙ.

270 2954 475 3021 “ΡΥτΗιΑε.
516 2961 706 3024 Pflmuum.
747 2965 902 3024 Domus.

101 3114 165 3190 Py.
179 3113 247 3172 Um
262 3131 318 3188 ego
330 3113 411 3172 illum
426 3115 613 3188 scelerosum,
632 3119 746 3191 misera,
767 3130 857 3196 utque
879 3121 1000 3201 impium
1015 3125 1096 3189 inve-

222 3191 322 3250 niaml
342 3201 395 3250 aut
410 3194 460 3253 ubi
474 3197 625 3271 quaeraml

101 3269 235 3333 lloceine
249 3279 307 3329 tum
323 3271 417 3330 audax
431 3271 545 3334 facinus
564 3277 662 3336 lacere
675 3297 738 3338 esse
752 3282 881 3342 uusuml
922 3284 985 3344 ΡΙι.
999 3285 1092 3349 Perii!

223 3349 279 3410 hoc
294 3350 364 3427 quid
379 3352 418 3411 sil
431 3371 541 3414 vereor.

102 3431 166 3510 Py.
188 3429 267 3522 Quin
286 3431 376 3521 utiam
407 3432 526 3512 iusuper
552 3435 657 3507 scelus,
684 3446 844 3518 postquam
864 3440 1032 3505 ludificatus
1053 3456 1096 3506 est

220 3529 373 3590 uirginem,
