2402 4036
102 271 161 342 196
485 272 693 339 PrtottMto.

98 425 368 505 Epidicazomenon
382 449 468 507 quarn
485 441 592 492 vocant
607 433 781 493 eomoediarn

99 507 210 579 Graerh
225 510 319 569 Latini
334 511 538 570 Phormionem
555 512 725 581 nomineut;

10 585 11 592 '
99 588 188 658 Quia,
204 591 312 667 primas
328 592 379 669 qui
393 601 491 669 partes
504 603 581 668 aget,
596 593 620 651 is
635 594 691 652 erit
704 593 845 654 Phormio

10 653 12 808 y
97 667 252 738 Parasitus.
269 690 321 748 per
336 692 422 751 quem
437 692 483 731 res
497 682 601 750 agetur
615 674 761 734 maxume.

97 749 240 809 Voluntas
256 762 352 810 vostra
368 751 392 810 si
405 752 443 810 ad
460 760 578 830 poetam
593 754 761 824 accesserit,

97 829 178 890 Date
192 850 328 907 operam:
343 832 446 892 adeste
460 851 547 908 aequo
562 834 660 892 animo
674 853 726 912 per
741 833 905 906 sitentium

98 911 145 969 Ne
160 910 245 970 simili
263 928 379 972 utamur
392 912 519 981 sonunt,
533 923 622 989 atque
636 915 678 971 usi
693 934 806 984 sumus,

10 1013 11 1070 t
99 991 196 1058 Quum
213 1010 266 1068 per
281 993 436 1054 tumultum
450 1002 549 1050 uester
563 1012 633 1070 grex
648 1004 743 1052 motus
759 993 826 1053 loco
842 998 899 1067 'st;

98 1071 193 1139 Quem
208 1072 317 1131 acturis
333 1073 422 1132 virtus
437 1070 520 1130 uobis
536 1074 784 1148 restituitiocum,

98 1149 277 1229 Bonitasque
293 1163 390 1212 vostra
404 1153 554 1230 adjutaus,
573 1163 662 1232 atque
677 1155 889 1234 aequanimitas.

401 1384 533 1444 acTth
555 1383 580 1442 I.
623 1384 755 1445 SCENA
777 1384 803 1444 1.

521 1538 657 1599 Davus

97 1695 239 1752 Amtcus
254 1713 383 1754 summus
398 1714 480 1754 meus
495 1701 525 1754 et
539 1693 692 1771 popularis
706 1694 786 1756 Geta
813 1729 815 1733 v

97 1774 170 1834 Heri
184 1773 221 1830 ad
237 1793 283 1832 me
297 1776 394 1833 venit:
417 1787 478 1832 erat
491 1774 517 1832 ei
532 1775 569 1832 de
583 1774 747 1833 ratiunculh

95 1853 276 1930 iampridem
291 1853 371 1932 apud
385 1872 431 1913 me
445 1853 585 1932 reliquom
600 1854 794 1932 pauxillulum

95 1933 309 2002 Nummorurn;
334 1933 363 1992 id
380 1944 412 1994 ut
426 1935 619 1994 conficerem:
642 1935 779 1995 confeci:
802 1933 923 1996 adfero:

94 2013 174 2072 Nam
190 2013 308 2074 herilem
322 2013 412 2086 filium
423 2015 488 2092 ejus
502 2016 622 2074 duxisse
633 2015 721 2074 audio

95 2096 223 2154 Uxorem
236 2115 243 2154 :
266 2094 301 2165 ei,
313 2095 415 2169 credo,
431 2115 536 2154 munus
551 2096 607 2154 hoc
622 2094 795 2156 corraditur.

96 2173 193 2243 Quam
209 2176 307 2254 iniqui
322 2187 523 2254 comparatum
539 2185 594 2246 est,
611 2176 640 2233 hi
654 2176 705 2253 qui
722 2177 816 2235 minus
832 2175 949 2250 habent,

94 2256 137 2314 Ut
147 2275 260 2334 semper
271 2255 379 2332 ahquid
391 2253 502 2315 addant
516 2255 699 2315 divinioribus
712 2258 719 2316 !

95 2337 184 2404 Quod
199 2336 247 2394 itte
262 2335 402 2395 unciatim
417 2336 464 2395 vix
479 2335 516 2395 de
530 2335 671 2395 demenso
686 2357 753 2409 suo,

94 2415 186 2474 Suum
202 2415 379 2476 defraudans
394 2417 524 2495 genium,
540 2416 699 2493 comparsit
715 2418 812 2489 miser,
1062 2427 1097 2480 10

93 2497 128 2554 ld
142 2496 190 2555 itta
206 2497 366 2556 uuiversum
382 2497 516 2577 abripiet,
533 2499 609 2556 haud
625 2497 814 2568 existumans,

94 2579 216 2644 Quanto
230 2575 331 2634 labore
345 2589 474 2654 parturn.
516 2579 606 2636 Porro
621 2589 717 2637 eutem
733 2580 814 2637 Geta
854 2575 858 2586 ‘

93 2657 226 2716 Ferietur
240 2656 297 2714 alio
312 2675 442 2730 munere,
460 2656 509 2715 ubi
519 2659 588 2716 hera
603 2656 771 2735 pepererit:

93 2738 185 2795 Porro
199 2748 294 2796 autem
310 2736 377 2808 aiio,
395 2737 446 2794 ubi
461 2737 518 2796 erit
532 2757 624 2817 puero
636 2737 740 2796 natalis
752 2736 836 2808 dies:

93 2818 152 2876 Ubi
166 2818 340 2876 inhiabunt:
368 2837 454 2876 omne
468 2818 524 2877 huo
540 2832 632 2885 muter
646 2817 779 2878 auferet:

93 2898 169 2958 Puer
182 2918 274 2960 causa
287 2898 343 2958 erit
356 2896 506 2960 mittundi.
548 2899 608 2960 Sed
622 2898 736 2958 videon'
748 2895 881 2959 Getam?

498 3135 628 3198 SCENA
648 3136 693 3199 ΙΙ.

429 3292 542 3352 Gurn.
585 3293 720 3351 Davus.

93 3445 192 3506 Ge.Sr
209 3445 276 3521 orris
289 3466 335 3504 me
350 3457 463 3524 qureret
473 3445 563 3506 rufus.
607 3447 668 3508 Da.
685 3445 799 3507 Praesto
810 3456 870 3515 est;
886 3447 996 3507 desine.
1040 3447 1090 3507 Ge.

89 3607 131 3664 ht
145 3625 201 3682 ego
212 3526 332 3665 &haiim
348 3607 476 3666 conabar
491 3606 556 3678 tibi,
570 3607 663 3667 Dave.
706 3609 770 3669 Da.
787 3607 912 3688 Accipe,
927 3608 992 3667 hem
1008 3610 1016 3667 !
