2402 4036
138 251 196 318 166
329 255 331 260 ·
549 259 726 320 nucum.
938 321 940 326 ,

136 407 200 467 Rus
212 407 327 470 abdidit
340 430 388 479 set
411 411 470 471 leue
483 413 548 472 rard
561 413 591 482 in
607 413 711 474 urbem
726 426 884 478 commeat.
1092 429 1154 481 lou

136 487 223 548 Phil.
246 491 326 559 Quid
340 492 438 551 adhue
454 494 564 553 liabent
577 495 754 554 infirmitatis
769 499 903 574 nuptieol
926 551 928 557 Α

137 567 216 629 Pur.
237 571 326 630 Nunc
341 573 453 631 audies.
495 573 594 632 Primo
609 575 674 634 dies
687 573 907 655 complusculos

136 648 217 708 Bene
231 653 422 711 conveniebat
437 655 505 712 sane
519 655 667 714 intereas.
710 657 829 717 Interim

136 725 219 788 Miris
234 731 329 790 modis
340 733 438 792 odisse
453 735 542 812 eoepit
557 734 740 796 Sostratam:

136 807 243 886 Neque
258 811 322 870 lites
339 813 404 872 ullae
419 815 494 872 inter
507 835 568 884 eos,
584 816 744 892 postulatio

136 886 318 968 Numquam.
361 893 447 952 Pntl.
469 895 549 961 Quid
565 896 675 972 igiturl
718 896 796 956 Pur.
819 891 849 954 Si
864 888 994 973 'quando
1014 895 1057 956 ard
1072 907 1145 958 'eam

255 984 420 1031 accesserat

136 1046 375 1122 confabulatum,
389 1051 489 1127 fugere
503 1062 695 1130 eeouepeetu
709 1053 801 1122 ilico:

135 1127 244 1188 Videre
257 1132 353 1191 nolle:
376 1132 512 1210 denique,
528 1134 579 1192 nbi
591 1152 649 1191 non
665 1135 729 1212 quit
742 1133 815 1214 pati,

136 1206 259 1268 Simulat
273 1231 304 1268 se
318 1231 335 1269 a
351 1223 442 1272 matre
457 1215 566 1272 arcessi
581 1213 618 1272 ad
636 1233 695 1272 rem
710 1215 855 1274 divinum:
877 1212 962 1275 altit.
1087 1228 1141 1277 110
1178 1263 1179 1296 ἶ

136 1285 195 1356 ,Ubi
208 1289 250 1348 ibi
262 1300 308 1350 est
322 1292 385 1350 dies
398 1295 575 1371 complures,
585 1295 693 1353 arcessi
699 1295 799 1370 jubet.
1178 1307 1179 1312 ’

137 1362 244 1428 Dixere
258 1391 376 1432 oausam
392 1383 473 1444 tunc,
488 1377 588 1434 neseio
603 1394 712 1453 quam:
733 1375 836 1433 iterum
847 1371 956 1451 jubete

135 1445 230 1508 Nemo
244 1453 361 1512 remisit.
402 1453 562 1532 Postquam
576 1464 730 1516 arcessunt
742 1455 862 1533 saepius,

134 1527 251 1605 AEgram
266 1553 330 1609 esse
343 1534 480 1592 simulant
495 1537 654 1595 mulierem.
696 1535 803 1594 Nostra
818 1535 886 1593 ilico

133 1603 163 1665 It
179 1609 270 1671 visere
284 1615 321 1672 ad
337 1633 420 1672 eam:
443 1614 562 1672 admisit
576 1634 672 1674 nemo.
716 1617 783 1674 lloc
799 1612 851 1676 ubi
866 1631 955 1674 senex

133 1685 277 1764 Rescivit,
300 1693 409 1754 heri'elr
424 1693 512 1751 c'ausd
526 1714 590 1753 rure
605 1696 663 1752 huc
677 1693 816 1758 advenit:

57 1769 59 1773 ’
133 1765 250 1828 Patrem
265 1773 405 1831 continuo
419 1776 557 1833 convenit
569 1775 760 1836 Philumenae.

133 1847 214 1916 Quid
229 1855 341 1927 egerint
354 1853 429 1910 inter
441 1871 480 1922 se,
495 1857 626 1914 nondum
640 1857 725 1915 etiam
742 1855 830 1925 scios

133 1925 204 1985 Nisi
214 1933 285 1992 sane
297 1950 375 1992 curm
391 1945 447 2004 est,
461 1935 600 2012 quorsum
616 1947 787 2000 eventurum
803 1933 938 1994 hauriet.

132 2006 233 2069 Habes
245 2031 359 2072 omnem
375 2034 434 2074 rem
447 2034 454 2073 ι
478 2033 608 2092 pergam,
621 2015 681 2092 qud
695 2017 771 2094 eoepi
785 2015 842 2078 hos
853 2015 918 2074 iter.
948 2066 949 2074 ,

135 2087 221 2148 Ptil.
244 2091 281 2150 Et
295 2094 413 2170 quidem
427 2115 497 2171 ego:
520 2115 585 2153 nam
601 2096 738 2154 constitui
753 2113 818 2154 oram
834 2093 961 2171 quodum
975 2094 1094 2174 hospite

134 2165 184 2226 Me
198 2181 262 2230 esse
275 2172 355 2232 illum
370 2177 588 2234 conventuram.
630 2176 709 2234 Par.
731 2176 771 2232 Dl
785 2185 901 2233 vortant
917 2177 993 2235 bene
1076 2186 1129 2238 121

135 2247 223 2317 Quod
239 2255 329 2330 agae!
365 2255 452 2315 Plril.
467 2255 550 2314 Vale.
585 2255 664 2316 Par.
687 2255 724 2314 Et
738 2265 770 2314 tu
785 2257 860 2315 bene
876 2255 948 2329 vale,
963 2249 1129 2316 Philotium.

411 2491 552 2552 -ACTUS
578 2491 620 2554 11.
662 2490 797 2551 SCENA,
822 2491 847 2550 l.

431 2656 585 2714 Leonas.
626 2656 830 2719 Sosrnern.
1178 2695 1179 2768 q

131 2813 189 2874 Lu.
210 2813 283 2874 Pno
300 2811 395 2872 Deum
406 2822 496 2891 atque
507 2813 654 2871 hominum
667 2811 778 2872 fidem!
801 2809 882 2892 q'uod
898 2810 955 2870 hoc
968 2813 1127 2890 genuseetl

252 2891 659 2970 quaehaeoe'ste'onjuratiol
700 2939 707 2952 .
844 2938 848 2952 .

130 2973 213 3032 Utin'
224 2993 324 3033 onmes
337 2977 470 3033 mulieres
482 2977 583 3034 eedem
598 2975 682 3050 aeque
694 2972 841 3043 studeant,
851 2971 1002 3051 nolintque
1013 2973 1126 3032 omnini

128 3053 236 3131 Neque
251 3055 436 3124 declinatam
455 3053 616 3132 quidquam
637 3053 677 3112 ab
700 3053 818 3112 aliarum
842 3051 958 3129 iugenio
983 3045 1067 3110 ullum
1080 3071 1124 3112 re·
1178 3089 1179 3092 =

270 3135 369 3194 eriasl
943 3175 944 3178 η

129 3211 234 3289 Itaque
247 3154 324 3273 {ideo
336 3223 397 3272 uno
411 3213 618 3273 animoomnes
632 3213 732 3276 socrus
746 3209 873 3270 oderunt
885 3227 997 3272 nurus:

128 3289 204 3350 Viris
215 3305 279 3352 esse
289 3297 440 3363 advorsae,
455 3295 540 3371 aeque
554 3295 681 3352 studium
697 3303 762 3360 eet:
783 3292 884 3352 similis
897 3289 1121 3371 portuensem

128 3371 164 3430 In
179 3374 339 3451 eodemque
354 3394 454 3432 omnes
467 3375 536 3432 milri
552 3374 687 3434 videntur
700 3373 772 3431 ludo
786 3372 883 3430 doetae
898 3373 935 3430 ad
950 3369 1095 3432 malitiam.

127 3450 163 3508 Ei
176 3451 258 3524 ludo,
273 3454 299 3512 si
314 3453 387 3513 ullus
397 3466 451 3526 est,
467 3455 633 3533 magistram
647 3456 725 3512 lrauo
738 3472 802 3512 esse
815 3453 882 3511 satis
897 3451 979 3512 certo
989 3451 1057 3514 tolo.

129 3531 177 3592 So.
199 3534 250 3592 Me
271 3535 415 3606 miseram,
439 3552 506 3612 quae
530 3551 620 3609 nune,
643 3533 833 3613 quamobrem
855 3549 987 3606 aeonrer,
1007 3531 1118 3592 ursio!
1178 3583 1179 3614 q

248 3612 306 3674 Lo.
329 3613 426 3674 lierni
