2402 4036
135 180 195 243 206
534 185 741 246 PHORMlO.

136 333 189 395 Ge.
212 337 240 396 0
255 337 300 420 uir
314 336 407 413 tortis,
424 339 651 418 atqueamicusl
673 342 772 401 verbm
788 340 845 399 boc
860 360 948 420 saepe,
965 337 1115 415 Phormio,
1138 357 1140 371 ¹
1176 385 1177 388 κ

137 417 256 492 Vereor,
269 437 304 476 oe
314 419 396 478 istaec
409 419 550 480 fortitudo
559 420 588 477 in
600 439 717 480 nervom
728 430 864 500 erumpat
877 423 1015 501 denique.
1037 425 1135 482 Phor.
1176 471 1177 480 ,

255 499 320 557 Ab!
1100 513 1130 562 ll
1176 511 1177 530 ³

134 577 203 636 Non
217 577 257 637 ita
272 587 335 636 est:
357 577 526 640 factumest
539 580 697 659 periclum:
718 579 782 656 jam
797 581 906 658 pedum
921 582 982 640 visa
998 583 1103 643 'stria

135 659 218 728 Quot
233 678 277 716 ure
291 677 392 718 censes
407 660 538 720 homiues
547 661 610 736 jam
628 660 834 720 deverberitsse
848 681 940 739 usque
955 663 994 721 ad
1010 665 1134 722 neceml

123 737 285 817 ‘Hospites
302 747 364 797 tum
379 740 479 799 circel
499 762 559 819 quo
572 741 667 820 magis
682 741 759 811 novi,
774 750 854 800 tanto
870 742 988 821 sapius.

132 817 216 880 Cedo
240 818 321 958 dgrm,
351 839 387 940 eva
413 841 551 898 umquam
579 821 749 897 injuriarum
772 821 880 880 audisti
907 822 1132 901 mibiscriptam

274 917 371 957 ream.
412 939 414 946 ·

135 978 187 1037 Ge.
200 978 261 1048 Qut
276 977 374 1116 isltuol
405 979 503 1041 Phor.
515 982 591 1048 Quia
603 999 659 1039 non
670 989 731 1040 rete
746 981 879 1060 accipitri
890 981 1029 1054 tenditur,
1040 1001 1133 1060 neque
1176 1021 1177 1072 ἱ

251 1076 291 1114 mr
306 1077 354 1130 uo,
418 1072 421 1080 ’
548 1100 550 1106 ,
809 1129 820 1138 .
1176 1073 1177 1100 l

131 1138 191 1206 Qui
205 1137 281 1196 male
293 1137 408 1198 faciunt
420 1141 524 1199 nobis:
538 1141 606 1215 illis,
619 1142 670 1222 qui
684 1143 756 1201 nibil
767 1142 889 1213 faciunt,
904 1143 1043 1202 tenditur.

131 1220 209 1289 Quia
222 1218 299 1276 enim
314 1219 342 1277 in
357 1219 413 1280 illis
427 1221 614 1292 fructus‘esn
635 1223 663 1280 in
680 1221 736 1282 illis
750 1243 841 1300 opere
855 1222 973 1282 luditur.

130 1301 206 1359 Aliis
220 1298 337 1358 aliunde
350 1310 395 1360 est
410 1303 562 1379 periclum,
578 1303 655 1364 unde
667 1303 776 1380 aliquid
793 1303 894 1362 abradi
908 1311 1024 1380 potest:

131 1381 207 1440 Mibi
222 1379 318 1440 sciunt
332 1380 404 1440 nibil
417 1402 490 1442 esse.
513 1385 615 1457 Dices,
631 1383 740 1442 ducent
755 1383 926 1442 damnatum
934 1383 1074 1443 domum:
1092 1393 1129 1445 20

129 1463 216 1521 Alere
226 1461 492 1598 noluntahominem
507 1463 649 1532 edacem;
670 1463 840 1542 etsapiunt,
852 1459 919 1522 mela
931 1464 1050 1542 quidem
1065 1483 1128 1522 scn—
1176 1525 1177 1540 ,

251 1541 352 1610 tenti,
1047 1540 1048 1546 '
1176 1559 1177 1582 ¹

129 1623 186 1682 Pro
200 1619 346 1681 maleficio
361 1624 386 1681 si
396 1623 572 1684 beneficium
586 1625 852 1684 summumnolnnt
864 1623 996 1683 reddere.

132 1704 185 1763 Ge.
199 1703 267 1761 Non
282 1709 379 1778 potest
394 1704 464 1761 satis
478 1723 533 1780 pro
547 1705 651 1768 merito
666 1705 764 1764 abillo
779 1704 834 1762 tibi
849 1703 947 1764 reterri
961 1703 1063 1780 gratis.

128 1785 228 1842 Phor.
241 1781 335 1839 Immo
350 1782 428 1840 enim
442 1802 526 1841 nemo
537 1785 605 1843 satis
619 1803 672 1861 pro
689 1785 791 1844 merito
802 1783 931 1862 gratiam¹
942 1784 1004 1860 regi
1017 1783 1112 1842 refert.

128 1865 202 1922 Ten'
216 1860 401 1938 asymbolum
416 1864 530 1922 venire!
551 1873 673 1924 unctum
688 1875 776 1944 atque
790 1865 901 1923 lautum
915 1884 931 1922 e
947 1863 1067 1934 balneis,

127 1944 265 2002 Otiosum
278 1941 316 1999 ab
333 1943 446 2010 animo;
468 1963 560 2022 quum
574 1945 622 2004 ill‘e
637 1956 666 2006 et
680 1945 752 2004 curt
764 1954 793 2004 et
805 1952 902 2004 sumtu
916 1943 1088 2017 absumitur,

127 2025 207 2083 Dum
220 2023 274 2082 tibi
289 2023 337 2096 sit,
351 2024 432 2103 quod
448 2026 584 2100 placeam
606 2025 654 2084 ille
668 2026 800 2103 ringitur,
812 2034 845 2084 tu
860 2023 973 2090 rideas;

126 2105 209 2163 Prior
221 2104 318 2178 bibas,
334 2105 413 2182 prior
426 2106 606 2171 decumbas;
630 2125 713 2165 coena
730 2105 821 2164 dubia
834 2101 1016 2183 apponitur?
1176 2149 1177 2190 ,

128 2185 181 2245 Ge.
197 2185 276 2252 Quid
293 2185 369 2244 istuc
383 2185 464 2243 verbi
477 2184 543 2244 esti
566 2184 665 2246 Plror.
680 2186 740 2246 Ubi
757 2196 787 2245 tu
799 2184 927 2257 dubites,
943 2183 1014 2262 qaid
1029 2199 1125 2242 sumas
1176 2191 1177 2196 ’

245 2264 438 2341 potissimum.
996 2323 1004 2330 .

124 2347 210 2419 Haec,
237 2365 302 2404 curn
320 2347 461 2406 rationem
483 2346 574 2418 ineas,
596 2344 686 2424 quam
709 2345 767 2406 sint
789 2344 887 2403 suavia
909 2353 940 2404 et
953 2341 1041 2422 qudm
1056 2361 1127 2402 cara

243 2427 301 2484 sint
1085 2429 1125 2483 30

59 2551 68 2557 .
124 2508 167 2564 Ea
182 2507 232 2582 qui
247 2472 368 2583 prae'bet,
385 2525 442 2564 non
458 2515 490 2566 tu
503 2507 580 2566 bunc
592 2505 703 2566 babeas
718 2506 804 2585 plane
816 2512 991 2582 praesentem
1006 2501 1127 2562 Deum?

126 2586 177 2646 Ge.
193 2587 286 2644 Senex
302 2585 402 2644 adest:
428 2587 504 2654 vide,
520 2587 592 2662 quid
607 2606 693 2663 agas:
709 2587 803 2662 prima
816 2586 906 2645 coitio
920 2585 956 2642 ’st
970 2582 1125 2642 acerrima.

124 2666 153 2724 Si
168 2685 231 2724 eam
247 2665 427 2736 sustinueris,
445 2666 564 2743 postilla
577 2666 653 2742 jam,
669 2677 702 2725 ut
716 2667 809 2738 lubet,
825 2666 919 2726 ludas.

522 2908 655 2968 scuNn
677 2907 733 2968 Ill.

337 3045 525 3128 Danrrrro.
566 3070 681 3128 Gara,
725 3069 912 3128 Peronnro.

122 3226 184 3288 Dc.
197 3223 246 3280 En
262 3241 400 3300 umquam
416 3220 553 3297 cuiquam
568 3221 807 3280 contumeliosius

123 3298 256 3366 Audistis
273 3303 381 3361 iactam
396 3300 544 3376 injuriam,
559 3299 646 3380 quam
660 3303 725 3361 lraee
739 3312 785 3360 est
798 3299 892 3362 mihil

123 3381 244 3456 Adeste,
261 3403 372 3460 quaeso.
397 3379 450 3440 Ge.
467 3381 562 3439 lratus
576 3391 631 3440 est.
660 3382 759 3441 Pbor.
775 3381 854 3448 Quin
870 3392 902 3439 tu
917 3381 973 3438 boc
988 3399 1055 3456 age,
1071 3380 1127 3440 'sti

122 3471 191 3527 lam
205 3483 260 3538 ego
276 3463 353 3520 bunc
367 3462 497 3540 agitabo.
542 3461 597 3519 Pro
612 3462 707 3520 Dedan
721 3459 943 3520 immortalium!

123 3549 221 3624 Negat
236 3541 379 3604 Phanium
395 3561 458 3599 esse
472 3541 548 3599 banc
563 3540 621 3599 sibi
637 3550 794 3617 cognatam
810 3539 978 3618 Demipbol
