2404 4038
191 197 194 200 ’
305 279 308 285 Α
363 225 495 288 nurus
513 227 569 288 ιιι.
612 227 785 290 sennar.
1039 245 1078 308 9⁵

81 374 188 436 Verdm
204 396 294 456 quum
310 378 425 440 videam
440 381 574 442 miserum
590 383 668 443 hune
682 393 740 444 tam
755 383 950 450 excruciarier

81 457 152 534 Ejus
167 458 261 529 abitu,
276 459 369 520 celem
384 471 445 520 tam
460 463 638 541 insperatum
653 467 803 541 gandium,

82 539 155 597 Cum
171 539 211 597 illi
227 541 328 616 pericli
342 542 412 600 nihil
425 563 461 602 ex
475 545 583 602 indicio
597 545 675 604 siet!

81 617 169 676 Haud
184 619 308 680 faciam:
331 641 408 692 uam,
425 623 504 702 quod
519 634 633 702 potero,
648 623 790 700 adjutabo
804 647 921 700 senem;

80 699 125 757 Ita
141 707 172 757 ut
186 699 279 759 tilium
295 721 390 760 meum
407 703 504 762 emico
517 715 611 781 atque
624 705 729 782 aequali
744 726 798 766 ruo

82 777 174 838 Video
188 781 338 853 inservire,
353 791 382 840 et
396 783 508 842 socium
524 785 630 843 esseio
647 785 790 860 negotiis:

80 859 144 918 Nos
157 879 277 938 quoqne
292 882 372 922 senes
384 873 427 922 est
441 883 558 942 aequom
573 865 690 923 senibus
704 865 837 944 obsequi.
1043 881 1079 930 ιο

84 940 148 1000 Mc.
170 942 231 1002 Aut
245 961 301 1019 ego
315 941 449 1020 prolecto
463 945 580 1022 ingenio
593 947 707 1023 egregii
721 945 759 1004 ad
776 947 907 1007 miserias

83 1020 177 1079 Natus
192 1040 274 1080 rum:
296 1033 347 1081 ant
361 1023 431 1083 illud
447 1024 552 1084 salsum
568 1036 622 1094 est,
639 1025 719 1102 quod
737 1027 823 1106 uolgd
836 1029 924 1088 audio

83 1100 161 1171 Diei,
175 1100 254 1159 diem
269 1102 396 1170 adimere
406 1106 611 1182 ,aegritudinem
628 1106 815 1168 homiuibus:

81 1180 155 1242 Nam
171 1181 241 1239 mihi
257 1181 374 1259 quidem
387 1185 494 1245 cotidie
508 1186 638 1263 augescit
653 1187 744 1264 magis

83 1261 128 1320 De
142 1260 203 1320 lilio
219 1263 383 1338 aegritudm
406 1275 436 1324 et
450 1277 563 1341 quanto
576 1265 686 1324 diutius

82 1343 185 1412 Abest,
202 1343 292 1419 magis
307 1344 398 1421 cupio
411 1353 504 1414 tanto,
519 1354 550 1404 et
564 1347 654 1422 magis
669 1344 818 1406 desidero.

85 1422 136 1482 cl.
158 1420 216 1482 Sed
233 1423 327 1500 ipsum
343 1424 422 1484 foras
435 1443 582 1502 egressum
597 1425 701 1484 video:
724 1426 784 1496 ibo,
800 1425 946 1503 alloquar.

82 1501 264 1573 Menedeme‚
280 1503 379 1564 salve:
403 1508 534 1564 nuntium
550 1517 678 1583 apporto
693 1505 758 1578 tibi,

81 1583 174 1660 Cujus
189 1585 324 1643 maxume
340 1595 369 1644 te
383 1584 445 1646 fieri
458 1586 633 1665 participem
648 1587 743 1662 cupis.
1143 1637 1149 1648 ,

82 1663 144 1722 Me.
166 1664 247 1722 Num
262 1665 401 1741 quidnam
416 1666 455 1726 de
470 1677 557 1746 gnato
572 1685 636 1724 meo
649 1666 769 1735 audisti,
784 1664 931 1725 Chremel
1042 1679 1081 1730 20

84 1745 136 1806 cu.
159 1745 254 1814 Valet,
268 1756 359 1880 gtqne
371 1747 450 1807 vivit.
484 1748 548 1806 Me.
563 1747 688 1806 Ubinam
703 1755 759 1818 est,
774 1747 900 1822 quaesol
923 1747 975 1807 cu.
990 1749 1080 1825 Apud

204 1844 250 1883 me
290 1845 358 1883 cnu.

20 1933 21 1958 1
82 1905 146 1964 Mc.
167 1903 394 1982 Meusguatns!
432 1906 484 1966 Cli.
507 1904 556 1964 Sic
567 1915 625 1965 est.
667 1906 731 1967 Me.
754 1906 863 1966 Venit!
908 1909 960 1968 cu.
982 1910 1080 1970 Certi.

205 1985 387 2046 Maelium
443 1989 447 1998 ’

83 2066 170 2126 Meus
195 2067 295 2125 venit!
339 2065 392 2125 ct.
414 2065 494 2125 Dixi.
547 2065 609 2124 Me.
630 2066 757 2126 Eamus:
790 2066 850 2125 duc
875 2086 920 2126 me
943 2068 1080 2141 adeum,

203 2146 338 2206 obsecro.
555 2159 556 2168 ¹

86 2225 140 2287 cl.
161 2225 228 2284 Non
245 2227 307 2286 vult
322 2237 351 2286 te
365 2227 440 2286 scire
455 2247 485 2285 se
500 2226 609 2286 redisse
623 2229 722 2298 etiem,
734 2235 768 2288 et
781 2235 866 2286 tuum

84 2305 282 2384 Conspectum
294 2306 411 2384 fugitat,
426 2317 548 2384 propter
560 2319 732 2380 peccatum:
756 2317 818 2366 tum
835 2307 892 2365 hoc
907 2306 1000 2379 timet,

83 2386 131 2444 Ne
145 2395 203 2446 tua,
212 2387 320 2446 duritia
333 2387 454 2464 antique
469 2387 518 2444 illa
531 2386 618 2444 etiam
633 2385 759 2444 adaucta
773 2388 820 2444 sit.

84 2466 150 2525 Me.
171 2466 240 2525 Nou
263 2477 304 2526 tn
318 2467 346 2526 ei
366 2466 475 2538 dixisti,
498 2475 532 2526 ut
553 2467 669 2536 essent
700 2465 751 2526 Cli.
774 2466 854 2524 Nou.
884 2465 948 2526 Me.
971 2469 1082 2538 Quam·

207 2548 319 2617 obrem,
334 2547 482 2620 Chremel
872 2555 875 2567 '
956 2581 959 2590 ·

85 2627 140 2686 ct,
162 2621 241 2694 Quia
254 2628 390 2705 pessume
407 2627 484 2688 istoc·
496 2627 524 2686 in
540 2636 568 2686 te
583 2636 671 2706 atque
686 2627 715 2686 in
730 2627 810 2686 illum
826 2628 967 2700 consulis,
986 2687 990 2704 ‚

83 2707 116 2766 Si
131 2716 163 2766 te
177 2715 237 2765 tam
253 2707 310 2768 leui
323 2717 353 2767 et
365 2708 445 2775 ¹victo
456 2708 554 2768 animo
568 2729 633 2768 esse
646 2707 820 2769 ostenderis.

84 2787 151 2849 Mc.
173 2787 242 2846 Non
267 2807 408 2866 possum:
430 2790 500 2848 setis
521 2787 598 2864 jam,
623 2788 691 2847 satis
716 2799 800 2864 pater
824 2787 914 2847 durus
936 2785 989 2848 tui.
1034 2789 1085 2848 Ch.

206 2868 272 2927 Αιιι
1048 2878 1087 2930 do

84 2945 254 3006 Vehemens
269 2949 298 3006 iu
314 2957 467 3027 utramque
482 2955 606 3024 partem,
623 2947 810 3020 Menedeme,
825 2967 858 3007 es
872 2947 966 3020 nimis,

83 3030 147 3086 Αιιι
162 3027 293 3105 largitate
307 3029 407 3101 nimid,
422 3036 473 3088 aut
488 3027 675 3104 parsimonia.

82 3111 119 3168 ln
135 3110 257 3168 eandem
273 3109 417 3180 fraudem,
429 3127 464 3167 ex
474 3107 536 3180 ‚hac
551 3127 592 3178 re,
606 3116 695 3185 atque
709 3127 745 3166 ex
759 3105 816 3179 illu,
832 3107 955 3168 incides.
1029 3149 1032 3156 .

82 3187 238 3258 Primdm;
260 3190 330 3249 olim
341 3191 452 3268 potius,
467 3186 556 3266 quim
571 3199 702 3266 paterere
716 3185 809 3248 iillum

83 3271 259 3330 Commeare
273 3271 310 3329 ad
325 3269 533 3338 mulierculam,
549 3287 616 3346 quae
632 3267 750 3345 paululo

80 3351 166 3410 Tum
181 3361 244 3410 erat
257 3359 407 3422 contenta,
422 3348 529 3426 cuique
544 3357 629 3407 erant
641 3359 722 3426 grata
736 3349 844 3418 omnia,

83 3431 275 3492 Proterruisti
289 3433 376 3492 hinc:
398 3449 433 3490 ea
444 3428 694 3504 coac,taingratiis

83 3511 212 3571 Postilla
226 3513 318 3591 coepit
332 3513 447 3571 victum
458 3508 545 3588 volgo
557 3526 698 3587 quaerere.

85 3593 179 3654 Nouo
194 3611 261 3654 cum
276 3593 339 3654 sine
353 3609 460 3670 magno
473 3590 687 3675 intertrimento
702 3605 760 3646 non
773 3594 872 3666 potest
887 3617 890 3622 ·
